3114 5130
761 481 796 525 21

284 651 391 712 Aldus
421 661 531 713 autem
555 652 635 713 libro
659 674 718 714 suo
742 633 774 715 et
797 654 876 715 haec
899 655 1082 734 adscripsit:
1108 655 1209 732 „Item
1234 653 1317 733 frag-

240 789 402 841 mentatae
422 781 576 861 epistolae
595 782 738 862 integrae
759 782 869 844 sactae.
884 782 918 842 In
933 782 1038 842 medio
1051 781 1148 842 etiam
1162 779 1315 860 epistolae

238 905 306 966 libri
330 908 436 968 octavi
459 907 498 968 de
523 907 686 969 Clitumno
712 908 799 970 l'onte
823 929 887 968 non
912 908 1015 969 solum
1042 907 1151 968 vertici
1170 906 1243 968 calx
1262 906 1318 967 ad·

238 1032 341 1108 ditus,
376 1033 432 1094 sed
465 1034 576 1095 decem
612 1055 742 1115 quoque
777 1034 946 1115 epistolae;
979 1054 1017 1096 ac
1052 1055 1094 1095 cx
1127 1054 1213 1094 nono
1237 1034 1317 1095 libro

239 1169 374 1222 octavus
397 1162 499 1222 lactus
523 1170 556 1222 ct
580 1182 617 1222 en
644 1172 760 1223 octavo
785 1183 905 1238 nonus;
928 1160 1316 1243 idquebeneficioexem-

240 1286 335 1366 plaris
367 1287 605 1361 correctissimi,
639 1296 671 1349 et
707 1288 805 1348 mirae
840 1308 877 1349 ac
909 1289 1016 1368 potius
1040 1286 1241 1348 venerandae
1264 1306 1319 1346 ve-

240 1406 402 1474 tustatis.’'
420 1412 441 1493 ¹)

287 1539 384 1622 Quod
409 1559 485 1600 vero
510 1540 540 1600 in
564 1540 652 1601 Plinii
676 1550 708 1602 et
732 1540 859 1622 Trajani
881 1541 1024 1621 epistulis
1045 1541 1165 1602 mutuis
1178 1539 1321 1618 maligna

243 1667 390 1748 negavit,
404 1667 434 1726 in
447 1665 533 1727 hisce
546 1667 713 1747 benignior
726 1667 852 1730 fortuna
865 1669 1031 1730 concessit.
1046 1667 1175 1729 Etenim
1189 1666 1321 1727 eaedem

242 1794 312 1855 illae
335 1794 499 1874 epistulae,
525 1794 555 1853 in
582 1793 648 1854 aliis
672 1794 831 1870 omnibuS,
858 1794 911 1874 qui
936 1803 1005 1855 tum
1031 1794 1097 1854 noti
1121 1803 1220 1867 erant,
1235 1791 1321 1853 codi-

243 1919 332 1982 cibus
363 1920 515 1994 omissae,
541 1919 619 1980 felici
644 1919 709 1980 lato
734 1921 882 1982 inventae
907 1921 1035 1982 suntin
1059 1920 1168 1981 codIce
1192 1917 1320 1979 nobilis-

244 2047 325 2108 sirno
349 2045 494 2106 Mediceo
519 2043 672 2130 (XLVII,
700 2045 771 2129 36),
797 2048 874 2128 „qui
899 2067 981 2107 unus
1002 2047 1145 2107 omnium
1167 2045 1324 2118 codicum,

244 2174 299 2254 qui
320 2193 405 2234 nunc
417 2182 590 2253 supersunt
602 2192 719 2233 novem
733 2174 942 2254 epistularum
955 2174 1051 2235 libros
1064 2174 1205 2234 continet
1219 2191 1322 2252 usque

245 2302 285 2362 ad
310 2302 384 2362 noni
408 2301 538 2381 quidem
562 2300 631 2361 libri
655 2301 825 2381 epistulam
839 2281 910 2378 Ι26,
936 2299 987 2363 8”.
1001 2299 1030 2384 ’3)

290 2427 353 2508 Qui
388 2427 492 2488 codex
528 2447 591 2488 non
628 2427 694 2488 illas
726 2437 852 2489 tantum
884 2448 967 2508 quae
999 2428 1040 2488 ab
1073 2426 1161 2488 Aldo
1187 2426 1325 2506 primum

247 2555 351 2616 editae
375 2564 449 2615 sunt
473 2553 626 2634 epistulas
649 2554 809 2628 continet,
834 2554 890 2614 sed
914 2564 945 2615 et
968 2553 1065 2615 libros
1089 2552 1202 2612 eodem
1216 2550 1325 2611 ordine

247 2681 395 2756 exhibet,
420 2702 485 2761 quo
508 2680 629 2741 Aldina
653 2680 762 2743 Editio
787 2689 819 2741 et
841 2680 946 2741 codex
965 2680 1016 2740 ille
1029 2679 1198 2740 Parisinus
1212 2678 1326 2740 Codex

247 2818 355 2870 autem
392 2807 571 2883 Mediceus,
607 2808 647 2867 de
678 2827 744 2887 quo
775 2807 995 2887 disputamus,
1028 2807 1155 2886 quiet,
1185 2807 1210 2866 si
1235 2804 1330 2866 Keilii

248 2935 457 3016 disputationi
489 2932 567 2994 fides
595 2933 745 2995 habenda
768 2933 854 3014 estl)
879 2932 965 2993 solus
989 2933 1091 2995 Taciti
1116 2932 1213 2993 libros
1237 2932 1328 3012 quin-

248 3083 311 3143 que
335 3098 374 3107 -
401 3061 451 3122 vel
472 3061 579 3140 potius
602 3082 661 3121 sex
688 3096 720 3105 -
754 3060 817 3139 „ab
842 3081 977 3121 excessu
998 3060 1061 3120 divi
1087 3057 1331 3139 Augusti’ser-

255 3190 358 3263 vavit,
383 3209 467 3249 anno
493 3189 574 3265 1508
588 3208 630 3248 ex
643 3187 808 3249 Corbiensi
822 3188 1016 3248 monasterio
1030 3188 1059 3247 in
1075 3187 1201 3248 Italiam
1214 3186 1329 3247 allatus

252 3325 301 3377 est
332 3324 364 3376 et
386 3336 405 3375 a
428 3316 551 3394 Joanne
575 3314 677 3374 Maria
700 3313 865 3375 Catanaeo
890 3314 920 3372 in
945 3313 1085 3373 secunda
1109 3332 1167 3373 sua
1191 3310 1329 3373 editione

249 3463 333 3504 anno
362 3443 443 3520 1518
468 3442 607 3522 primum
632 3440 852 3522 expressusl)

296 3568 378 3630 Cum
413 3568 509 3647 igitur
543 3567 637 3628 huius
672 3539 785 3647 optimi
820 3567 937 3628 codicis
969 3564 1122 3626 lectiones
1155 3585 1229 3626 cum
1253 3564 1332 3625 Aldi

250 3697 389 3757 editione
424 3705 456 3757 et
491 3695 612 3756 Budaei
647 3693 853 3756 lemmatibus
875 3693 1078 3774 plerumque
1111 3692 1331 3770 consentiant,

252 3842 406 3902 magnum
431 3821 573 3902 profecto
598 3821 671 3882 inde
691 3821 817 3901 pondus
838 3821 980 3901 ipsorum
1003 3819 1186 3881 auctoritati
1199 3819 1332 3880 accedit.

258 4005 448 4014 -f-—-

339 4111 359 4159 lr
386 4112 444 4158 Keil
463 4111 488 4158 ll.
507 4128 523 4174 p
550 4110 620 4159 XXI,

283 4192 293 4224 ²
336 4191 365 4240 fr.
384 4190 442 4237 Keil
461 4190 478 4236 ll
505 4189 593 4252 p,VI.

287 4269 297 4300 ³
341 4270 368 4318 [r.
387 4269 445 4316 Keil
463 4270 489 4326 ll,
509 4286 533 4331 p.
551 4268 601 4325 VI,
619 4284 643 4330 p.
663 4267 749 4313 XXIV

288 4348 299 4378 ⁴
329 4365 372 4396 cr.
390 4348 448 4395 Keil
466 4348 493 4398 ll.
511 4364 526 4411 p
553 4347 610 4398 VII.
