3114 5130
849 470 908 520 112

335 651 476 733 quadam
500 669 598 738 manu
623 647 667 735 (in
693 650 850 730 margine)
870 649 1025 711 adnotata
1045 657 1102 710 est.
1125 647 1264 708 Priorem
1279 651 1409 707 manum

336 779 450 858 Hardy
474 789 569 840 vocat
593 775 639 853 B,
665 778 798 867 alteram
824 774 858 846 J.

310 963 311 966 ,
379 905 546 985 Inscriptio
570 915 679 966 autem
703 905 744 965 ad
768 905 864 965 tinem
889 904 957 966 libri
982 904 1097 984 legitur
1123 902 1219 964 haec:

381 1031 476 1108 „Hae
499 1031 586 1092 Plinii
609 1031 745 1111 Junioris
769 1030 925 1111 epistulae
948 1050 990 1090 ex
1002 1030 1221 1091 vetustissimo
1234 1026 1411 1107 exemplari

336 1160 500 1220 Parisiensi
528 1168 560 1220 et
591 1159 757 1220 restitutae
783 1167 815 1219 et
839 1158 1029 1218 emendatae
1053 1167 1127 1218 sunt
1149 1176 1248 1237 opera
1272 1166 1304 1217 et
1324 1155 1414 1216 indu-

336 1288 412 1347 stria
446 1287 577 1365 Joannis
611 1284 747 1365 Jucundi
782 1285 1045 1366 praestantissimi
1075 1283 1255 1359 architecti,
1278 1282 1414 1343 hominis

336 1415 489 1495 imprimis
512 1412 712 1494 antiquarii.''

381 1542 433 1604 Ex
469 1542 573 1602 verbis
608 1542 696 1603 initio
731 1540 800 1601 libri
830 1540 985 1620 appositis
1016 1538 1150 1609 efficitur
1180 1538 1294 1599 librum
1326 1536 1413 1597 illum

336 1680 483 1751 emptum
507 1689 577 1729 esse
600 1688 685 1729 anno
707 1670 794 1746 1708
819 1688 838 1728 a
867 1665 986 1728 leomo
1003 1665 1136 1727 chrne
1147 1667 1202 1747 qui
1215 1664 1295 1727 haec
1308 1664 1412 1725 addit:

337 1796 387 1873 „lt
410 1796 435 1855 is
459 1815 493 1855 as
518 1795 605 1874 good
629 1794 653 1855 if
673 1803 729 1855 not
753 1795 857 1856 better
881 1793 959 1856 than
972 1815 1038 1873 any
1050 1791 1109 1854 MS
1124 1791 1315 1854 thatlhave
1328 1811 1412 1864 seen,

337 1921 399 1983 and
429 1921 454 1981 is
485 1920 659 1982 wonderful
681 1941 760 1982 rare.
785 1919 856 1981 The
884 1919 952 1983 10th
979 1920 1072 1980 Book
1096 1940 1162 1980 was
1184 1918 1309 1999 printed
1333 1917 1414 1977 from

337 2044 393 2107 the
417 2046 494 2125 only
518 2045 577 2107 MS
601 2045 676 2108 then
701 2048 730 2107 in
755 2045 811 2108 the
835 2046 950 2122 world,
976 2045 1079 2109 which
1102 2045 1161 2107 MS
1182 2046 1207 2105 is
1227 2046 1312 2105 since
1332 2045 1412 2117 lost,

337 2172 400 2234 and
426 2171 488 2234 this
514 2173 632 2234 edition
658 2175 682 2235 is
706 2173 762 2236 the
785 2174 863 2254 only
883 2157 1049 2254 authority
1062 2149 1108 2235 sor
1120 2173 1175 2235 the
1187 2173 1267 2236 later
1278 2173 1414 2234 editions

337 2298 373 2359 of
392 2297 447 2359 the
478 2301 543 2359 10th
569 2297 689 2361 book.''
707 2299 730 2379 ¹)

381 2430 464 2492 Cum
500 2429 586 2492 hisce
616 2430 683 2509 jam
719 2451 755 2491 ea
788 2431 988 2492 conferamus
1011 2450 1096 2510 quae
1119 2431 1205 2510 apud
1228 2432 1359 2492 Masson
1382 2430 1413 2491 in

336 2558 402 2619 vita
427 2556 513 2652 Plinii
539 2557 697 2637 leguntur.

382 2731 401 2761 „
419 2732 422 2738 .
439 2730 444 2742 .
461 2729 490 2743 ..
514 2682 612 2745 Cuius
636 2681 808 2767 (Editionis
830 2683 1039 2745 Beroaldinae
1051 2684 1125 2744 anni
1143 2684 1236 2764 1498)
1249 2683 1416 2764 exemplar

338 2812 430 2872 nobis
472 2812 594 2871 amicus
625 2808 759 2870 Hearne
787 2812 1037 2872 communicavit
1060 2779 1125 2891 quo
1148 2810 1236 2871 Plinii
1260 2809 1415 2890 epistolae

336 2957 378 2998 ex
411 2937 629 2998 vetustissimo
653 2936 828 3024 exemplari
860 2930 1024 2997 Parisiensi
1052 2935 1126 3021 (MS
1151 2921 1280 3028 nempe)
1312 2945 1344 2995 et
1366 2955 1413 2995 re-

337 3065 469 3125 stitutae
481 3073 513 3125 et
526 3064 716 3124 emendatae
729 3072 803 3124 sunt
816 3083 914 3143 opera
926 3072 958 3124 et
971 3063 1124 3125 industria
1136 3063 1266 3142 Joannis
1278 3060 1412 3140 Jucundi

338 3190 601 3271 praestantissimi
624 3187 812 3263 Architecti,
833 3187 971 3249 hominis
988 3190 1018 3249 in
1031 3190 1140 3270 primis
1154 3188 1352 3269 Antiquam,
1367 3188 1413 3248 uti

339 3327 415 3377 nota
435 3315 494 3377 MS
512 3317 553 3376 ad
566 3315 686 3376 calcem
700 3314 806 3375 fertur.
819 3314 862 3376 Et
875 3314 1006 3395 quidem
1018 3335 1092 3376 cum
1105 3313 1137 3375 in
1150 3315 1236 3375 edito
1248 3324 1322 3394 post
1334 3312 1414 3374 haec

337 3441 398 3522 Ep.
423 3445 441 3502 8
464 3441 548 3524 (Lib.
562 3441 638 3503 Vlll
659 3442 689 3500 in
702 3449 819 3502 recent.
834 3439 911 3501 Edit
925 3437 939 3522 )
953 3440 1067 3500 verba:
1083 3441 1235 3517 „naviuin
1247 3437 1392 3520 patiens’'
1406 3489 1411 3510 ,

338 3577 466 3630 notetur
489 3566 663 3645 „Codicem
688 3565 738 3627 hic
760 3566 908 3627 mutilum
933 3563 1040 3640 esse,''
1065 3565 1227 3626 adduntur
1249 3566 1280 3626 in
1300 3564 1413 3625 eodem

337 3695 513 3776 exemplari
535 3692 627 3756 MSS.
649 3704 774 3755 ceterae
793 3713 876 3772 quae
895 3692 1012 3753 desunt
1028 3691 1209 3773 Epistolae,
1223 3711 1371 3772 quaeque
1384 3692 1414 3751 in

336 3821 563 3884 recentioribus
576 3819 780 3883 Editionibus
792 3819 832 3879 ad
854 3819 932 3879 XIX
945 3818 1006 3899 Ep.
1022 3839 1123 3900 usque
1136 3816 1355 3899 reperiuntur''
1373 3814 1411 3899 ²).

346 4002 536 4013 ..ἡ-...ς

371 4111 378 4143 ¹
410 4110 482 4157 llard
517 4109 542 4158 ll.
569 4124 584 4155 t.
638 4147 642 4154 .

368 4115 390 4249 tl
407 4192 435 4239 C,
446 4123 519 4236 Pliryrii
529 4120 755 4246 Sebuiiijunioris
772 4185 823 4232 vita
838 4185 926 4232 ordine
942 4184 1121 4246 chronologico
1141 4184 1247 4245 digesta.
1264 4183 1305 4229 ,nd
1320 4199 1413 4230 annum

336 4269 430 4318 Christi
451 4266 498 4315 106
515 4269 528 4327 h
547 4279 569 4327 3,
587 4282 611 4327 p.
631 4263 786 4311 LXXXVII.
805 4264 851 4314 Erl.
871 4265 945 4312 tertia
963 4264 1059 4312 auctior
1078 4261 1188 4327 praefixa
1207 4262 1318 4309 Erlitioni
1337 4263 1414 4308 Pane·

335 4349 414 4412 gyrici
431 4345 539 4393 Pliniani
556 4359 632 4406 quam
650 4343 746 4390 curavit
764 4342 872 4390 Ioannes
891 4343 1041 4390 Arntzenius
1060 4342 1166 4392 Arnstel.
1188 4340 1257 4403 1738.
