3114 5130
746 477 767 540 9

220 646 356 728 probare
384 667 493 708 revera
518 644 655 708 Plinium
679 649 843 727 Juniorem
866 647 907 708 de
929 658 1016 710 statu
1042 646 1294 709 Christianorum

220 774 260 834 ad
295 774 470 854 Trajanum
495 775 648 837 retulisse.
685 775 771 856 Quid
795 784 906 837 autern
929 773 1096 855 prohibet,
1122 775 1295 854 quominus

219 902 396 963 secundum
427 902 614 964 Tertulliani
646 902 744 963 verba
775 902 1097 983 epistolamnovam
1122 902 1238 964 iactam
1262 912 1295 964 et

219 1027 318 1089 Plinio
349 1028 469 1107 Juniori
503 1028 696 1109 adscriptam
728 1050 797 1090 esse
828 1029 1001 1110 putemus?
1025 1030 1175 1091 Fortasse
1199 1028 1295 1110 Sym-

220 1153 323 1216 machi
348 1154 534 1235 exemplum
558 1157 613 1235 qui
636 1156 747 1217 decem
768 1156 975 1237 epistolarum
995 1157 1092 1218 libros
1109 1157 1293 1238 publicavit,

219 1282 341 1362 rejectis
365 1306 445 1364 quas
469 1285 509 1345 ad
533 1284 704 1347 Caesarem
728 1285 899 1365 scripserat
922 1285 952 1345 in
976 1285 1155 1360 decimum,
1180 1286 1295 1346 imitari

219 1410 337 1484 voluit,
363 1411 506 1491 quisquis
529 1412 596 1473 illas
620 1413 660 1474 ad
681 1413 855 1493 Trajanum
876 1411 1009 1492 scripsit.
1029 1411 1178 1474 Sidonius
1191 1411 1295 1493 Apol-

218 1538 322 1598 linaris
347 1559 463 1599 novem
487 1548 614 1600 tantum
640 1541 728 1601 novit
752 1538 881 1602 libros.''
902 1539 930 1610 ll

264 1663 354 1725 Haec
378 1663 480 1744 Helrl,
505 1686 603 1746 quern
627 1675 861 1728 commemorat
874 1666 971 1729 Orelli
985 1677 1152 1747 tamquam
1168 1667 1294 1746 impug-

217 1787 391 1874 'naturus²)
427 1789 507 1876 (non
545 1801 653 1854 tamen
688 1792 818 1873 perfecit
852 1792 1087 1875 propositum);
1123 1794 1296 1856 assentitur

219 1919 335 1980 Heldio
365 1919 538 1982 Hulleman
563 1930 686 1982 noster:
711 1921 826 2003 „Quae
849 1921 944 1982 hodie
967 1922 1109 1983 seruntur
1129 1922 1295 2003 Epistolae

218 2069 236 2108 a
261 2047 399 2126 Trajano
423 2057 456 2109 et
479 2047 578 2108 Plinio
602 2057 734 2110 mutuae
756 2049 797 2110 ad
821 2071 855 2111 se
879 2051 1032 2131 scriptae,
1058 2049 1170 2111 harum
1196 2071 1293 2130 quam

218 2184 368 2257 suspecta
410 2175 451 2237 sit
492 2174 582 2255 origo
623 2175 771 2254 peculiari
805 2175 1033 2238 dissertatione
1062 2176 1295 2238 demonstravit

220 2293 386 2363 Heldius‘.'’
400 2297 426 2384 ³)

263 2429 413 2492 Ceterum
427 2428 532 2490 Heldii
544 2428 735 2509 opusculum
748 2429 779 2489 in
793 2427 966 2490 Germania
975 2430 1114 2490 virorum
1123 2428 1293 2491 doctorum

217 2557 328 2618 oculos
352 2577 453 2637 paene
476 2555 603 2617 videtur
626 2555 773 2632 latuisse;
799 2557 829 2616 in
853 2556 889 2616 iis
910 2555 994 2616 enim
1017 2555 1102 2616 libris
1114 2557 1168 2636 qui
1181 2566 1294 2637 postea

217 2683 258 2743 de
288 2682 377 2743 Plinii
400 2682 495 2743 rebus
518 2692 551 2743 et
583 2681 726 2743 moribus
749 2683 919 2763 conscripti
943 2693 1034 2759 sunt,
1058 2683 1114 2744 vix
1138 2704 1293 2764 uniquam

217 2819 490 2871 commemoratur
502 2811 544 2890 ll:
570 2828 688 2886 „nemo
703 2808 870 2890 ⁴propheta
893 2811 924 2871 in
948 2808 1082 2891 patria.''

262 2935 335 3013 Sed,
349 2936 436 3017 quod
449 2938 479 2997 in
492 2937 595 3017 patria
602 2935 739 3017 adeptus
749 2957 812 2997 non
821 2947 870 2999 est
879 2938 906 2998 ei
915 2938 1050 3019 contigit
1059 2938 1145 3018 apud
1154 2947 1293 3000 exteros.

217 3065 347 3126 Etenim
381 3084 410 3124 v.
431 3063 462 3124 d.
496 3063 616 3143 Ussing
645 3063 676 3123 in
711 3062 890 3124 Academia
922 3063 1115 3138 Hauniensi,
1140 3064 1294 3144 Madvigii

219 3191 392 3271 discipulus
415 3190 598 3270 quondam,
624 3200 693 3251 tuni
717 3189 858 3270 collega,
884 3211 969 3251 anno
998 3190 1081 3254 1860
1104 3190 1294 3271 disputatio·
1318 3163 1319 3167 ,

218 3338 291 3378 nem
316 3317 356 3378 de
380 3316 492 3378 eadem
512 3316 701 3396 quaestione
721 3317 925 3397 conscripsit,
949 3317 980 3377 in
1000 3338 1065 3397 qua
1085 3317 1190 3379 Heldii
1214 3339 1295 3399 opu-

201 3488 206 3496 -
218 3424 342 3506 sculum
364 3465 427 3505 non
439 3453 674 3505 commemorat
687 3453 831 3518 tantum,
845 3443 901 3504 sed
914 3453 946 3504 et
959 3443 1026 3504 fuse
1039 3454 1121 3505 tract
1144 3454 1166 3506 t.
1181 3445 1295 3525 Atque

218 3570 267 3632 ille
290 3570 421 3651 quidem
444 3590 518 3632 cum
543 3569 660 3631 Heldio
683 3570 727 3632 ita
750 3570 918 3650 discrepat,
935 3580 970 3631 ut
983 3590 1046 3630 non
1060 3579 1165 3632 totum
1177 3570 1294 3633 librum

217 3698 273 3758 sed
315 3718 369 3758 eas
404 3706 531 3758 tantum
566 3695 720 3777 epistulas
753 3675 930 3757 subditivas
965 3716 1035 3756 esse
1068 3696 1182 3773 ducat,
1213 3719 1295 3778 quas

224 3855 412 3862 ——-—-——

255 3961 272 4022 ¹)
292 3961 360 4009 lteut
378 3960 404 4010 ll.
424 3977 458 4024 pp
484 3973 529 4024 27,
548 3959 587 4008 28Δ

254 4043 273 4105 ²)
293 4042 415 4090 Orellius:
435 4041 548 4089 Historia
565 4041 659 4088 Critica
677 4041 847 4104 Epistularum
866 4040 940 4088 Plinii
957 4048 982 4088 et
999 4040 1103 4102 Trajani
1121 4058 1144 4104 p.
1163 4055 1186 4090 2,

254 4121 274 4185 ³)
295 4122 440 4172 Hulleman,
458 4122 548 4169 Oratio
566 4121 735 4183 lnauguralis:
749 4121 806 4180 „De
821 4120 973 4168 Litterarum
988 4136 1068 4183 praes.
1083 4121 1150 4183 apud
1167 4123 1295 4175 Romanos

217 4201 305 4249 studiis
323 4203 347 4248 N
349 4217 408 4249 erva
425 4200 536 4262 Trajano
554 4198 725 4260 Imperatore''
743 4199 841 4260 (habita
850 4200 879 4249 L.
890 4200 918 4247 Β.
931 4199 1000 4262 1858,
1010 4213 1043 4247 20
1054 4200 1138 4260 Mart.)
1148 4200 1260 4250 adnotat.
1270 4215 1294 4260 4.

253 4280 272 4342 ⁴)
292 4282 425 4345 Impugnat
436 4281 557 4328 Heldium
567 4280 611 4327 sed
620 4279 690 4344 quasi
700 4279 852 4342 praeteriens
863 4280 961 4342 During
971 4279 995 4326 iu
1005 4295 1049 4326 sua
1059 4279 1178 4326 Editione
1188 4278 1294 4342 Epistul.

219 4360 275 4408 Plin
303 4359 365 4421 1843
383 4360 447 4407 'font
475 4359 500 4406 Il
518 4376 542 4422 p.
560 4356 616 4421 382.
