3114 5130
760 488 818 535 102

245 658 316 720 loco
340 658 462 741 aliquot
486 680 672 721 enumerare
691 660 912 736 incommoda,
926 679 1029 740 eaque
1041 659 1128 721 haud
1140 678 1217 720 sane
1229 658 1319 735 levia,

245 785 362 865 quibus
394 795 549 866 urgentur
572 786 612 846 illi
636 787 690 866 qui
714 786 866 867 epistulas
888 785 947 848 has
970 787 1108 848 sinceras
1131 807 1200 847 esse
1224 807 1321 867 nega-

244 923 368 975 verunt.

290 1041 437 1120 Etenim,
473 1042 498 1101 si
532 1040 648 1102 Plinius
677 1040 847 1121 epistulam
878 1040 963 1103 illam
995 1062 1059 1101 non
1083 1041 1225 1122 scripsit,
1250 1041 1321 1120 quis

245 1169 376 1232 tandem
402 1178 451 1230 est
475 1180 604 1245 auctor,
629 1189 694 1249 quo
714 1169 843 1230 consilio
863 1167 1036 1245 confinxit,
1050 1168 1191 1248 quando,
1205 1167 1321 1230 ubive?

245 1296 395 1377 Excepto
427 1316 567 1377 namque
590 1296 688 1357 Plinio
712 1317 750 1357 ea
774 1304 880 1358 aetate
902 1295 989 1357 haud
1011 1296 1100 1357 facile
1122 1317 1320 1377 quemquam

241 1425 400 1486 inveneris
429 1424 518 1484 cuius
550 1423 670 1483 nomini
701 1423 837 1504 epistula
869 1423 940 1484 talis
963 1432 1039 1503 apte
1063 1423 1271 1485 adscribatur.
1291 1421 1320 1507 ¹)

245 1552 320 1612 Non
345 1549 483 1612 elocutio
508 1560 635 1612 tantum
659 1549 882 1630 scribendique
904 1571 1006 1631 genus
1026 1550 1155 1612 alterius
1166 1551 1321 1632 epistulae

244 1677 395 1752 Plinium,
416 1676 592 1756 Traianum
613 1676 712 1738 altera
733 1676 827 1757 plane
846 1679 930 1758 sapit
942 1714 985 1722 —
998 1679 1043 1740 uti
1063 1678 1113 1739 vel
1134 1680 1202 1760 ipse
1221 1679 1320 1741 Aube

243 1805 376 1867 fatetur:
402 1804 452 1882 „le
476 1803 560 1882 style
583 1804 623 1865 de
646 1804 675 1864 la
699 1803 792 1866 lettre
816 1813 864 1866 est
887 1804 930 1865 du
956 1804 1097 1865 meilleur
1117 1803 1224 1867 Pline’‘
1239 1803 1268 1891 ν2)
1288 1817 1320 1869 et

243 1934 373 2013 copiose
396 1932 596 1993 demonstrat
621 1930 765 2006 Arnold,
779 1929 805 2015 ὅ)
828 1968 871 1976 -
894 1931 1059 1994 latinitatis
1079 1952 1117 1993 ea
1137 1933 1259 2013 puritas
1272 1944 1320 1995 est

242 2080 341 2139 quam
372 2058 459 2139 apud
490 2059 653 2138 sequentis
673 2059 788 2120 aetatis
814 2069 960 2120 auctores
985 2059 1200 2135 Frontonem,
1226 2059 1321 2141 Apu-

240 2187 356 2262 leium,
392 2186 495 2266 ipsum
528 2183 760 2247 Tertullianum
786 2186 884 2247 frusta
907 2187 1119 2267 quaesiveris,
1144 2187 1320 2249 sedetiam

241 2311 351 2374 omnia
383 2311 433 2373 illa
464 2312 603 2393 quaein
629 2321 764 2393 utraque
789 2312 924 2393 epistula
947 2315 1153 2376 continentur
1176 2313 1264 2375 Plinii
1289 2324 1321 2376 et

241 2440 370 2520 Trajani
393 2438 531 2500 indolem
556 2438 651 2519 plane
675 2438 839 2501 exhibent.
854 2438 879 2520 ¹¹)

286 2569 469 2643 Praeterea,
502 2565 590 2648 quod
615 2575 700 2628 recte
723 2567 888 2647 perspexit
913 2567 1098 2647 Ussingius‚
1123 2567 1321 2630 Christianus

241 2695 384 2776 prolecto
408 2692 511 2755 multo
533 2693 697 2754 ardentius
723 2694 891 2774 acriusque
918 2692 1130 2756 Christianam
1150 2694 1246 2756 fidem
1267 2695 1321 2756 de-

240 2823 407 2899 fendisset3
454 2842 516 2882 non
561 2821 649 2882 facile
683 2830 886 2882 commentus
921 2830 1005 2883 esset
1039 2831 1088 2883 tot
1123 2821 1320 2884 Christianos

241 2950 403 3014 Christum
429 2947 512 3010 ultro
537 2947 725 3028 abnegasse.
738 2943 764 3031 ⁵)

286 3077 359 3137 Non
386 3076 490 3136 minus
514 3074 625 3135 iisdem
647 3074 720 3134 viris
732 3074 834 3135 doctis
847 3074 1034 3134 adversatur
1047 3073 1234 3136 Tertulliani
1247 3094 1321 3135 auc-

241 3205 370 3280 toritas;
396 3203 436 3264 de
460 3223 525 3281 qua
549 3200 742 3282 paucissima
766 3208 893 3261 tantum
917 3198 980 3260 hoc
997 3198 1068 3260 loco
1088 3200 1205 3261 addere
1218 3199 1319 3262 liceat.

240 3335 351 3413 Ipsum
370 3328 471 3391 ‘Plinii
507 3327 702 3407 Traianique
736 3324 889 3407 epistulas
920 3346 959 3386 ne
984 3325 1167 3407 confingere
1190 3327 1318 3408 quidem

242 3459 401 3541 potuisse,
421 3475 495 3517 cum
517 3475 559 3515 ex
579 3453 646 3515 aliis
670 3451 777 3514 multis
800 3461 870 3514 tum
895 3472 971 3512 vero
991 3473 1032 3513 cx
1052 3455 1207 3514 sermonis
1219 3454 1321 3514 diver-

241 3589 335 3648 sitate
367 3583 542 3646 certissime
570 3580 744 3661 colligitur,
769 3600 873 3660 neque
896 3599 972 3640 vero
996 3599 1193 3661 quemquam
1216 3581 1321 3641 inveni

247 3776 436 3789 “—

279 3897 296 3962 ¹]
316 3899 358 3948 clr,
377 3898 450 3944 Aube
466 3897 492 3946 ll.
512 3914 536 3959 p.
556 3907 612 3957 217.
634 3895 662 3941 lu
681 3893 827 3940 memoriam
847 3908 963 3941 revocare
979 3893 1028 3941 hoc
1036 3894 1093 3941 locu
1103 3896 1193 3958 placet,
1203 3895 1321 3942 Aubeum

240 3981 265 4026 in
285 3978 333 4026 fruc
351 3977 528 4040 disputationis
547 3974 682 4038 epistulam
702 3971 775 4019 Plinii
793 3988 938 4032 germanam
957 3988 1010 4019 esse
1028 3973 1167 4024 admittere.

274 4057 294 4123 ²)
315 4058 389 4105 Aube
407 4057 432 4106 ll.
451 4073 474 4119 p,
492 4054 549 4105 218.

275 4137 295 4200 ³)
315 4136 414 4185 Arnold
432 4136 457 4186 ll,
476 4152 516 4198 pp,
539 4146 622 4194 9-14
641 4132 684 4180 clr⁴
703 4141 727 4180 et
745 4133 832 4180 Variot
851 4132 876 4183 ll.
895 4149 937 4195 pp.
958 4141 1002 4192 147
1021 4148 1056 4194 sq.

274 4216 293 4277 ⁴)
312 4217 355 4268 csr¹
381 4232 445 4279 quae
470 4231 545 4277 supra
573 4214 604 4260 de
623 4212 726 4274 'l'rajaui
745 4221 769 4260 et
788 4212 861 4259 Plinii
879 4212 963 4258 indole
981 4211 1163 4275 disputavimus
1180 4220 1204 4259 et
1222 4213 1321 4260 Amold

238 4300 264 4347 ll.
284 4315 325 4360 pp,
344 4296 368 4360 8,
386 4310 409 4355 9.

275 4377 294 4444 ⁶)
314 4377 406 4437 Ussing
423 4375 448 4424 ll.
468 4391 492 4438 p.
512 4384 533 4433 7.
