3114 5130
760 470 802 533 74

242 642 404 705 Ecclesiae
427 644 653 725 Lugdunensis
672 641 701 727 ¹)
727 655 762 708 ut
786 647 945 708 saevitum
969 648 1009 708 sit
1033 649 1064 707 in
1084 646 1273 708 Blandinam
1287 657 1318 709 et

240 768 339 830 tilium
364 771 430 831 eius
454 772 510 831 vix
534 791 635 832 annos
659 781 772 834 natum
802 770 871 849 15.''
891 772 918 853 ²)

285 895 387 958 Recte
409 895 488 958 haec
512 899 558 959 vir
580 899 795 959 doctissimus.
820 898 921 974 Cum,
948 907 984 960 ut
1007 897 1058 959 vel
1080 897 1173 978 lippis
1194 906 1226 959 et
1246 906 1318 958 ton-

242 1022 367 1083 soribus
390 1034 503 1084 notum
527 1033 590 1100 est,
615 1027 801 1104 praesertim
826 1034 933 1087 aetate
957 1024 1008 1085 illa
1027 1025 1109 1086 inter
1121 1023 1317 1087 Christianos

241 1148 397 1228 plurimae
428 1161 534 1213 essent
570 1152 716 1212 mulieres
751 1152 919 1233 liberique,
945 1153 989 1213 ita
1013 1161 1049 1212 ut
1073 1171 1316 1232 nonnumquam

241 1275 411 1337 adversarii
445 1277 494 1358 (ut
518 1278 629 1340 Celsus
654 1279 782 1359 aliique)
807 1279 837 1339 id
861 1279 939 1340 vitio
964 1277 1021 1338 illis
1044 1286 1222 1354 verterent,
1246 1279 1318 1358 quis

241 1403 372 1465 miretur
406 1405 487 1466 inter
520 1404 589 1465 illos
624 1406 678 1485 qui
714 1406 754 1466 ad
785 1405 919 1465 Plinium
951 1415 1120 1485 tamquam
1148 1403 1317 1466 Christiani

241 1529 482 1607 deferebantur,
515 1541 546 1594 et
577 1532 724 1593 mulieres
748 1542 781 1594 et
806 1531 958 1612 parvulos
981 1532 1128 1592 inventos
1151 1551 1230 1591 esse.
1255 1530 1316 1591 Fa·

243 1656 356 1718 cillime
385 1658 481 1738 igitur
504 1659 646 1720 adducor
670 1669 705 1719 ut
728 1659 856 1720 credam
880 1679 966 1735 „non
992 1658 1193 1719 mediocriter
1215 1657 1316 1720 haesi-

241 1781 355 1861 tasse”v
380 1783 513 1845 Plinium
547 1786 623 1865 quid
651 1787 771 1846 miseris
802 1785 859 1846 illis
896 1785 1075 1846 iaciendum
1099 1794 1199 1861 esset,
1223 1804 1316 1860 cum,
1380 1847 1383 1854 .

243 1911 288 1970 uti
313 1931 354 1970 ex
378 1910 454 1972 locis
478 1933 497 1972 a
516 1912 635 1972 Vossio
655 1911 758 1974 allatis
778 1922 928 1992 apparet,
950 1913 1191 1974 excusationem
1204 1912 1318 1974 aetatis

243 2035 382 2096 Romani
407 2057 612 2117 nequaquam
639 2040 785 2099 universe
797 2038 966 2100 admittere
979 2038 1127 2100 solerent.
1142 2037 1227 2100 Nihil
1240 2060 1318 2120 ergo

243 2165 273 2223 in
296 2163 398 2240 hisce,
424 2164 511 2244 quod
536 2164 770 2226 dubitationem
794 2163 930 2240 habeat,
955 2166 1090 2227 invenio
1112 2168 1216 2227 Immo
1228 2148 1317 2246 quod

243 2291 360 2352 Plinius
384 2291 587 2353 haesitaverit
614 2327 655 2336 -
680 2292 759 2353 alius
783 2302 868 2354 certe
893 2313 957 2353 non
982 2292 1217 2356 haesitasset-
1240 2293 1316 2354 mihi

242 2419 340 2498 ipsius
364 2428 396 2480 et
420 2419 561 2498 benigno
584 2420 691 2480 animo
716 2419 921 2481 tribuendum
946 2421 1148 2503 existim0.³)

287 2545 391 2622 „Mais
422 2565 458 2606 ce
490 2544 571 2607 n'est
604 2567 662 2626 pas
687 2555 775 2621 tout,
801 2548 906 2627 pergit
928 2547 1069 2628 Dupuy‚
1093 2558 1178 2610 cette
1201 2547 1316 2629 phrase

240 2673 294 2752 qui
327 2692 513 2733 commence
539 2691 597 2752 par
621 2693 683 2732 une
707 2673 1019 2754 invraisemblaince,
1044 2696 1078 2736 se
1102 2677 1236 2738 termine
1260 2697 1318 2757 par

241 2817 283 2857 un
309 2797 500 2858 non-sens!'’

285 2924 418 3005 Quaerit
449 2945 491 2985 ex
523 2925 720 3006 Imperatore
752 2926 870 2987 Plinius
894 2935 1018 2988 utrum:
1046 2948 1185 3006 „nomen
1209 2931 1314 3011 ipsum

241 3053 266 3112 si
290 3051 418 3131 flagitiis
442 3062 548 3114 careat
571 3073 612 3113 an
626 3052 746 3132 flagitia
759 3051 962 3115 cohaerentia
976 3056 1096 3115 nomini
1109 3056 1314 3136 puniantur.”

242 3177 362 3240 Adhuc
397 3199 508 3255 neme,
540 3190 700 3259 quantum
722 3181 803 3253 sci0,
830 3178 909 3242 haec
932 3179 1073 3261 intellegi
1097 3202 1192 3262 posse
1216 3156 1330 3263 nega-⁴

244 3315 343 3367 verat.
369 3306 455 3367 Inter
479 3325 592 3366 omnes
617 3325 719 3385 paene
740 3307 824 3367 viros
844 3306 958 3368 doctos
971 3316 1098 3370 constat
1109 3309 1214 3370 solum
1232 3307 1320 3372 Chri·

241 3433 381 3493 stianum
413 3452 528 3492 nomen
561 3432 838 3494 condemnationis
872 3454 1004 3495 causam
1029 3436 1224 3515 martyribus
1250 3436 1315 3518 ple-

238 3579 374 3639 rumque
405 3559 568 3634 extitisse,
594 3579 698 3640 neque
722 3560 860 3622 multum
885 3561 1084 3640 inquisivisse
1108 3564 1315 3644 magistratus

241 3685 407 3745 Romanos
440 3686 470 3745 in
506 3685 626 3765 flagitia
660 3707 744 3767 quae
776 3687 885 3767 populi
909 3688 1016 3768 opinio
1041 3689 1098 3750 illis
1121 3688 1312 3770 affingebat,

276 3948 295 4008 ¹)
312 3950 435 3997 Eusebius
452 3951 473 3996 L
492 3950 514 3996 V
532 3967 551 3999 c.
574 3963 593 3999 1.

274 4028 295 4092 ²)
314 4029 418 4076 Vossius
436 4022 547 4092 Operum
565 4029 638 4078 Toni.
657 4030 693 4077 lV
710 4047 733 4094 p.
753 4042 792 4094 55.

275 4109 294 4168 ³)
312 4111 426 4157 Adnotat
453 4109 551 4171 During
578 4126 599 4158 a.
627 4109 651 4158 h.
678 4110 707 4159 l:
733 4112 800 4170 „Die
827 4112 996 4160 Cln‘istliehen
1023 4113 1202 4161 Schriltsteller
1222 4113 1314 4177 klagen

239 4190 386 4237 u’ieclerliolt
412 4190 469 4236 (lass
495 4205 553 4236 man
580 4189 621 4236 bei
647 4190 823 4252 geriehtlieher
849 4191 1004 4253 Versolgung
1030 4193 1075 4240 der
1102 4193 1232 4241 lieltenner
1249 4193 1314 4241 ihres

239 4268 369 4315 Glaubens
384 4269 452 4315 nieht
462 4269 506 4315 aul
512 4268 665 4316 Geschleeht
674 4271 724 4316 und
736 4270 807 4317 Alter
817 4271 857 4317 die
867 4271 971 4332 liilligen
981 4271 1151 4318 Rttelrsichten
1160 4287 1312 4333 genonuneu

238 4349 312 4407 habe,
330 4348 424 4395 welche
442 4349 486 4395 das
504 4349 577 4398 ltbm.
596 4348 677 4395 Recht
695 4356 763 4396 sonst
781 4350 807 4396 iu
825 4350 891 4397 allen
909 4351 997 4398 Pallen
1015 4350 1118 4413 gelteurl
1137 4351 1245 4400 macht.‘'
