<?xml version="1.0" encoding="UTF-8"?>
<!DOCTYPE html PUBLIC "-//W3C//DTD XHTML 1.0 Transitional//EN"
    "http://www.w3.org/TR/xhtml1/DTD/xhtml1-transitional.dtd">
<html xmlns="http://www.w3.org/1999/xhtml" xml:lang="en" lang="en">
 <head>
  <title>
</title>
<meta http-equiv="Content-Type" content="text/html;charset=utf-8" />
  <meta name='ocr-system' content='tesseract 3.04.00' />
  <meta name='ocr-capabilities' content='ocr_page ocr_carea ocr_par ocr_line ocrx_word'/>
</head>
<body>
  <div class='ocr_page' id='page_1' title='image "./decpliniicaecil00plingoog_0038.png"; bbox 0 0 3114 5130; ppageno 0'>
   <div class='ocr_carea' id='block_1_1' title="bbox 716 483 755 548">
    <p class='ocr_par' dir='ltr' id='par_1_1' title="bbox 716 483 755 548">
     <span class='ocr_line' id='line_1_1' title="bbox 716 483 755 548; baseline 0 0"><span class='ocrx_word' id='word_1_1' title='bbox 716 483 755 548; x_wconf 81' lang='lat'>25</span> 
     </span>
    </p>
   </div>
   <div class='ocr_carea' id='block_1_2' title="bbox 200 659 1276 1758">
    <p class='ocr_par' dir='ltr' id='par_1_2' title="bbox 200 659 1276 1758">
     <span class='ocr_line' id='line_1_2' title="bbox 244 659 1274 743; baseline 0 -22"><span class='ocrx_word' id='word_1_2' title='bbox 244 659 338 740; x_wconf 85' lang='lat' dir='ltr'>Quae</span> <span class='ocrx_word' id='word_1_3' title='bbox 372 663 549 742; x_wconf 88' lang='lat' dir='ltr'>inscriptio,</span> <span class='ocrx_word' id='word_1_4' title='bbox 575 684 674 742; x_wconf 87' lang='lat' dir='ltr'>quam</span> <span class='ocrx_word' id='word_1_5' title='bbox 698 663 739 723; x_wconf 87' lang='lat' dir='ltr'>ad</span> <span class='ocrx_word' id='word_1_6' title='bbox 764 683 884 723; x_wconf 89' lang='lat' dir='ltr'>annum</span> <span class='ocrx_word' id='word_1_7' title='bbox 913 681 971 724; x_wconf 84' lang='lat'>112</span> <span class='ocrx_word' id='word_1_8' title='bbox 996 684 1017 743; x_wconf 91' lang='lat' dir='ltr'>p</span> <span class='ocrx_word' id='word_1_9' title='bbox 1041 662 1113 725; x_wconf 87' lang='lat' dir='ltr'>Chr.</span> <span class='ocrx_word' id='word_1_10' title='bbox 1140 662 1274 722; x_wconf 83' lang='lat' dir='ltr'>releren-</span> 
     </span>
     <span class='ocr_line' id='line_1_3' title="bbox 200 785 1275 869; baseline 0.002 -25"><span class='ocrx_word' id='word_1_11' title='bbox 200 785 275 845; x_wconf 89' lang='lat' dir='ltr'>dam</span> <span class='ocrx_word' id='word_1_12' title='bbox 307 807 376 847; x_wconf 87' lang='lat' dir='ltr'>esse</span> <span class='ocrx_word' id='word_1_13' title='bbox 408 789 517 850; x_wconf 86' lang='lat' dir='ltr'>docuit</span> <span class='ocrx_word' id='word_1_14' title='bbox 548 789 787 864; x_wconf 86' lang='lat' dir='ltr'>Mommsenus,</span> <span class='ocrx_word' id='word_1_15' title='bbox 812 810 886 850; x_wconf 91' lang='lat' dir='ltr'>cum</span> <span class='ocrx_word' id='word_1_16' title='bbox 910 790 1038 869; x_wconf 82' lang='lat' dir='ltr'>egregie</span> <span class='ocrx_word' id='word_1_17' title='bbox 1061 789 1102 850; x_wconf 91' lang='lat' dir='ltr'>ad</span> <span class='ocrx_word' id='word_1_18' title='bbox 1126 789 1176 849; x_wconf 88' lang='lat' dir='ltr'>illa</span> <span class='ocrx_word' id='word_1_19' title='bbox 1200 807 1275 848; x_wconf 90' lang='lat' dir='ltr'>con-</span> 
     </span>
     <span class='ocr_line' id='line_1_4' title="bbox 200 893 1274 997; baseline 0.001 -23"><span class='ocrx_word' id='word_1_20' title='bbox 200 923 311 994; x_wconf 78' lang='lat' dir='ltr'>gruat,</span> <span class='ocrx_word' id='word_1_21' title='bbox 346 935 429 994; x_wconf 91' lang='lat' dir='ltr'>quae</span> <span class='ocrx_word' id='word_1_22' title='bbox 463 915 493 975; x_wconf 93' lang='lat' dir='ltr'>in</span> <span class='ocrx_word' id='word_1_23' title='bbox 524 917 660 978; x_wconf 87' lang='lat' dir='ltr'>laudatis</span> <span class='ocrx_word' id='word_1_24' title='bbox 687 917 727 978; x_wconf 91' lang='lat' dir='ltr'>de</span> <span class='ocrx_word' id='word_1_25' title='bbox 758 917 872 978; x_wconf 90' lang='lat' dir='ltr'>eodem</span> <span class='ocrx_word' id='word_1_26' title='bbox 901 893 1073 997; x_wconf 81' lang='lat' dir='ltr'>Calpurnio</span> <span class='ocrx_word' id='word_1_27' title='bbox 1097 917 1207 976; x_wconf 90' lang='lat' dir='ltr'>Macro</span> <span class='ocrx_word' id='word_1_28' title='bbox 1232 914 1274 975; x_wconf 92' lang='lat' dir='ltr'>le-</span> 
     </span>
     <span class='ocr_line' id='line_1_5' title="bbox 200 1038 1274 1123; baseline 0.001 -23"><span class='ocrx_word' id='word_1_29' title='bbox 200 1049 336 1119; x_wconf 75' lang='lat' dir='ltr'>guntur,</span> <span class='ocrx_word' id='word_1_30' title='bbox 360 1043 431 1122; x_wconf 91' lang='lat' dir='ltr'>quis</span> <span class='ocrx_word' id='word_1_31' title='bbox 455 1063 519 1102; x_wconf 92' lang='lat' dir='ltr'>non</span> <span class='ocrx_word' id='word_1_32' title='bbox 544 1043 697 1123; x_wconf 80' lang='lat' dir='ltr'>intellegit</span> <span class='ocrx_word' id='word_1_33' title='bbox 721 1043 791 1104; x_wconf 89' lang='lat' dir='ltr'>libri</span> <span class='ocrx_word' id='word_1_34' title='bbox 815 1038 985 1104; x_wconf 62' lang='lat' dir='ltr'>adhortatu</span> <span class='ocrx_word' id='word_1_35' title='bbox 1008 1041 1069 1103; x_wconf 91' lang='lat' dir='ltr'>hoc</span> <span class='ocrx_word' id='word_1_36' title='bbox 1093 1042 1186 1104; x_wconf 87' lang='lat' dir='ltr'>titulo</span> <span class='ocrx_word' id='word_1_37' title='bbox 1210 1043 1274 1102; x_wconf 88' lang='lat' dir='ltr'>evi-</span> 
     </span>
     <span class='ocr_line' id='line_1_6' title="bbox 200 1166 1276 1247; baseline 0 -21"><span class='ocrx_word' id='word_1_38' title='bbox 200 1166 384 1228; x_wconf 89' lang='lat' dir='ltr'>dentissime</span> <span class='ocrx_word' id='word_1_39' title='bbox 418 1168 650 1230; x_wconf 88' lang='lat' dir='ltr'>demonstrari?</span> <span class='ocrx_word' id='word_1_40' title='bbox 686 1169 768 1231; x_wconf 89' lang='lat' dir='ltr'>Cum</span> <span class='ocrx_word' id='word_1_41' title='bbox 804 1170 888 1230; x_wconf 89' lang='lat' dir='ltr'>enim</span> <span class='ocrx_word' id='word_1_42' title='bbox 922 1167 1001 1230; x_wconf 89' lang='lat' dir='ltr'>haec</span> <span class='ocrx_word' id='word_1_43' title='bbox 1036 1167 1156 1244; x_wconf 86' lang='lat' dir='ltr'>tabula,</span> <span class='ocrx_word' id='word_1_44' title='bbox 1192 1187 1276 1247; x_wconf 88' lang='lat' dir='ltr'>quae</span> 
     </span>
     <span class='ocr_line' id='line_1_7' title="bbox 201 1293 1275 1378; baseline 0 -24"><span class='ocrx_word' id='word_1_45' title='bbox 201 1295 268 1356; x_wconf 88' lang='lat' dir='ltr'>sola</span> <span class='ocrx_word' id='word_1_46' title='bbox 292 1331 328 1340; x_wconf 79' lang='lat'>—-</span> <span class='ocrx_word' id='word_1_47' title='bbox 358 1297 382 1356; x_wconf 87' lang='lat' dir='ltr'>si</span> <span class='ocrx_word' id='word_1_48' title='bbox 406 1296 558 1376; x_wconf 74' lang='lat' dir='ltr'>epistulas</span> <span class='ocrx_word' id='word_1_49' title='bbox 583 1297 729 1359; x_wconf 89' lang='lat' dir='ltr'>laudatas</span> <span class='ocrx_word' id='word_1_50' title='bbox 753 1298 894 1378; x_wconf 86' lang='lat' dir='ltr'>excipias</span> <span class='ocrx_word' id='word_1_51' title='bbox 918 1333 958 1342; x_wconf 91' lang='lat'><em>-</em></span> <span class='ocrx_word' id='word_1_52' title='bbox 983 1296 1177 1377; x_wconf 81' lang='lat' dir='ltr'>legationem</span> <span class='ocrx_word' id='word_1_53' title='bbox 1204 1293 1275 1356; x_wconf 90' lang='lat' dir='ltr'>Cal-</span> 
     </span>
     <span class='ocr_line' id='line_1_8' title="bbox 201 1422 1275 1505; baseline -0.001 -23"><span class='ocrx_word' id='word_1_54' title='bbox 201 1423 303 1502; x_wconf 91' lang='lat' dir='ltr'>purnii</span> <span class='ocrx_word' id='word_1_55' title='bbox 334 1422 433 1483; x_wconf 91' lang='lat' dir='ltr'>Macri</span> <span class='ocrx_word' id='word_1_56' title='bbox 466 1425 639 1485; x_wconf 79' lang='lat' dir='ltr'>memoriae</span> <span class='ocrx_word' id='word_1_57' title='bbox 663 1426 818 1505; x_wconf 90' lang='lat' dir='ltr'>prodidit,</span> <span class='ocrx_word' id='word_1_58' title='bbox 843 1424 939 1505; x_wconf 90' lang='lat' dir='ltr'>longe</span> <span class='ocrx_word' id='word_1_59' title='bbox 963 1434 1037 1504; x_wconf 90' lang='lat' dir='ltr'>post</span> <span class='ocrx_word' id='word_1_60' title='bbox 1061 1424 1163 1484; x_wconf 89' lang='lat' dir='ltr'>editas</span> <span class='ocrx_word' id='word_1_61' title='bbox 1188 1422 1275 1483; x_wconf 87' lang='lat' dir='ltr'>Plinii</span> 
     </span>
     <span class='ocr_line' id='line_1_9' title="bbox 201 1548 1276 1631; baseline 0.001 -23"><span class='ocrx_word' id='word_1_62' title='bbox 201 1548 353 1628; x_wconf 86' lang='lat' dir='ltr'>epistulas</span> <span class='ocrx_word' id='word_1_63' title='bbox 376 1550 504 1611; x_wconf 87' lang='lat' dir='ltr'>inventa</span> <span class='ocrx_word' id='word_1_64' title='bbox 527 1551 584 1625; x_wconf 89' lang='lat' dir='ltr'>sit,</span> <span class='ocrx_word' id='word_1_65' title='bbox 606 1549 765 1626; x_wconf 85' lang='lat' dir='ltr'>falsarius,</span> <span class='ocrx_word' id='word_1_66' title='bbox 787 1552 812 1611; x_wconf 91' lang='lat' dir='ltr'>si</span> <span class='ocrx_word' id='word_1_67' title='bbox 832 1552 903 1631; x_wconf 87' lang='lat' dir='ltr'>quis</span> <span class='ocrx_word' id='word_1_68' title='bbox 916 1550 989 1624; x_wconf 82' lang='lat' dir='ltr'>fuit,</span> <span class='ocrx_word' id='word_1_69' title='bbox 1005 1551 1089 1611; x_wconf 92' lang='lat' dir='ltr'>unde</span> <span class='ocrx_word' id='word_1_70' title='bbox 1102 1560 1168 1611; x_wconf 86' lang='lat' dir='ltr'>tam</span> <span class='ocrx_word' id='word_1_71' title='bbox 1182 1559 1276 1610; x_wconf 85' lang='lat' dir='ltr'>acute</span> 
     </span>
     <span class='ocr_line' id='line_1_10' title="bbox 202 1674 1275 1758; baseline 0.001 -23"><span class='ocrx_word' id='word_1_72' title='bbox 202 1695 318 1735; x_wconf 88' lang='lat' dir='ltr'>nomen</span> <span class='ocrx_word' id='word_1_73' title='bbox 350 1674 447 1756; x_wconf 88' lang='lat' dir='ltr'>legati</span> <span class='ocrx_word' id='word_1_74' title='bbox 478 1676 620 1738; x_wconf 85' lang='lat' dir='ltr'>Moesiae</span> <span class='ocrx_word' id='word_1_75' title='bbox 650 1677 798 1758; x_wconf 87' lang='lat' dir='ltr'>colligere</span> <span class='ocrx_word' id='word_1_76' title='bbox 830 1676 956 1757; x_wconf 85' lang='lat' dir='ltr'>potuit?</span> <span class='ocrx_word' id='word_1_77' title='bbox 987 1677 1122 1757; x_wconf 85' lang='lat' dir='ltr'>Legitur</span> <span class='ocrx_word' id='word_1_78' title='bbox 1145 1678 1275 1756; x_wconf 86' lang='lat' dir='ltr'>quidem</span> 
     </span>
    </p>
   </div>
   <div class='ocr_carea' id='block_1_3' title="bbox 201 1802 1273 1885">
    <p class='ocr_par' dir='ltr' id='par_1_3' title="bbox 201 1802 1273 1885">
     <span class='ocr_line' id='line_1_11' title="bbox 201 1802 1273 1885; baseline -0.001 -22"><span class='ocrx_word' id='word_1_79' title='bbox 201 1802 391 1883; x_wconf 87' lang='lat' dir='ltr'>Calpurnius</span> <span class='ocrx_word' id='word_1_80' title='bbox 414 1805 523 1865; x_wconf 85' lang='lat' dir='ltr'>Macer</span> <span class='ocrx_word' id='word_1_81' title='bbox 546 1804 607 1885; x_wconf 87' lang='lat' dir='ltr'>Ep.</span> <span class='ocrx_word' id='word_1_82' title='bbox 629 1804 670 1865; x_wconf 93' lang='lat' dir='ltr'>V.</span> <span class='ocrx_word' id='word_1_83' title='bbox 697 1806 751 1881; x_wconf 86' lang='lat'>18,</span> <span class='ocrx_word' id='word_1_84' title='bbox 765 1805 821 1865; x_wconf 90' lang='lat' dir='ltr'>sed</span> <span class='ocrx_word' id='word_1_85' title='bbox 833 1825 871 1866; x_wconf 90' lang='lat' dir='ltr'>ea</span> <span class='ocrx_word' id='word_1_86' title='bbox 885 1826 924 1864; x_wconf 93' lang='lat' dir='ltr'>ne</span> <span class='ocrx_word' id='word_1_87' title='bbox 936 1804 1132 1864; x_wconf 88' lang='lat' dir='ltr'>levissimum</span> <span class='ocrx_word' id='word_1_88' title='bbox 1145 1803 1273 1883; x_wconf 91' lang='lat' dir='ltr'>quidem</span> 
     </span>
    </p>
   </div>
   <div class='ocr_carea' id='block_1_4' title="bbox 201 1931 1211 2013">
    <p class='ocr_par' dir='ltr' id='par_1_4' title="bbox 201 1931 1211 2013">
     <span class='ocr_line' id='line_1_12' title="bbox 201 1931 1211 2013; baseline 0.001 -24"><span class='ocrx_word' id='word_1_89' title='bbox 201 1931 348 1992; x_wconf 90' lang='lat' dir='ltr'>indicium</span> <span class='ocrx_word' id='word_1_90' title='bbox 373 1932 522 2012; x_wconf 89' lang='lat' dir='ltr'>praebet,</span> <span class='ocrx_word' id='word_1_91' title='bbox 547 1932 719 2013; x_wconf 85' lang='lat' dir='ltr'>praefuisse</span> <span class='ocrx_word' id='word_1_92' title='bbox 743 1931 830 1993; x_wconf 94' lang='lat' dir='ltr'>illum</span> <span class='ocrx_word' id='word_1_93' title='bbox 854 1932 1037 1993; x_wconf 88' lang='lat' dir='ltr'>Provinciae</span> <span class='ocrx_word' id='word_1_94' title='bbox 1061 1932 1211 1991; x_wconf 82' lang='lat' dir='ltr'>Moesiae.</span> 
     </span>
    </p>
   </div>
   <div class='ocr_carea' id='block_1_5' title="bbox 201 2057 1281 4042">
    <p class='ocr_par' dir='ltr' id='par_1_5' title="bbox 201 2057 1276 2272">
     <span class='ocr_line' id='line_1_13' title="bbox 246 2057 1276 2140; baseline -0.001 -22"><span class='ocrx_word' id='word_1_95' title='bbox 246 2057 339 2140; x_wconf 83' lang='lat' dir='ltr'>Quae</span> <span class='ocrx_word' id='word_1_96' title='bbox 362 2079 436 2120; x_wconf 93' lang='lat' dir='ltr'>cum</span> <span class='ocrx_word' id='word_1_97' title='bbox 460 2060 504 2121; x_wconf 89' lang='lat' dir='ltr'>ita</span> <span class='ocrx_word' id='word_1_98' title='bbox 528 2060 604 2134; x_wconf 89' lang='lat' dir='ltr'>sint,</span> <span class='ocrx_word' id='word_1_99' title='bbox 632 2060 893 2139; x_wconf 87' lang='lat' dir='ltr'>gravissimorum</span> <span class='ocrx_word' id='word_1_100' title='bbox 918 2060 1059 2119; x_wconf 90' lang='lat' dir='ltr'>virorum</span> <span class='ocrx_word' id='word_1_101' title='bbox 1084 2058 1276 2119; x_wconf 85' lang='lat' dir='ltr'>fidesincor-</span> 
     </span>
     <span class='ocr_line' id='line_1_14' title="bbox 201 2184 968 2272; baseline 0.003 -28"><span class='ocrx_word' id='word_1_102' title='bbox 201 2186 384 2265; x_wconf 89' lang='lat' dir='ltr'>ruptissimo</span> <span class='ocrx_word' id='word_1_103' title='bbox 406 2184 519 2272; x_wconf 89' lang='lat' dir='ltr'>lapidis</span> <span class='ocrx_word' id='word_1_104' title='bbox 542 2186 727 2247; x_wconf 89' lang='lat' dir='ltr'>testimonio</span> <span class='ocrx_word' id='word_1_105' title='bbox 750 2186 968 2248; x_wconf 77' lang='lat' dir='ltr'>confirmatur,</span> 
     </span>
    </p>

    <p class='ocr_par' dir='ltr' id='par_1_6' title="bbox 201 2310 1279 3791">
     <span class='ocr_line' id='line_1_15' title="bbox 246 2310 1276 2393; baseline -0.002 -23"><span class='ocrx_word' id='word_1_106' title='bbox 246 2311 359 2391; x_wconf 84' lang='lat' dir='ltr'>Lapidi</span> <span class='ocrx_word' id='word_1_107' title='bbox 394 2311 556 2372; x_wconf 87' lang='lat' dir='ltr'>clarissimi</span> <span class='ocrx_word' id='word_1_108' title='bbox 588 2313 749 2393; x_wconf 90' lang='lat' dir='ltr'>scriptoris</span> <span class='ocrx_word' id='word_1_109' title='bbox 791 2313 956 2393; x_wconf 81' lang='lat' dir='ltr'>Plinioque</span> <span class='ocrx_word' id='word_1_110' title='bbox 995 2332 1096 2392; x_wconf 88' lang='lat' dir='ltr'>paene</span> <span class='ocrx_word' id='word_1_111' title='bbox 1130 2310 1276 2390; x_wconf 87' lang='lat' dir='ltr'>supparis</span> 
     </span>
     <span class='ocr_line' id='line_1_16' title="bbox 201 2438 1276 2519; baseline -0.002 -19"><span class='ocrx_word' id='word_1_112' title='bbox 201 2441 426 2500; x_wconf 88' lang='lat' dir='ltr'>auctoritatem</span> <span class='ocrx_word' id='word_1_113' title='bbox 461 2439 579 2500; x_wconf 85' lang='lat' dir='ltr'>addere</span> <span class='ocrx_word' id='word_1_114' title='bbox 613 2440 714 2502; x_wconf 90' lang='lat' dir='ltr'>liceat.</span> <span class='ocrx_word' id='word_1_115' title='bbox 748 2440 798 2501; x_wconf 92' lang='lat' dir='ltr'>De</span> <span class='ocrx_word' id='word_1_116' title='bbox 829 2441 918 2501; x_wconf 94' lang='lat' dir='ltr'>cuius</span> <span class='ocrx_word' id='word_1_117' title='bbox 951 2440 1030 2516; x_wconf 84' lang='lat' dir='ltr'>fide,</span> <span class='ocrx_word' id='word_1_118' title='bbox 1055 2441 1192 2519; x_wconf 82' lang='lat' dir='ltr'>quaein</span> <span class='ocrx_word' id='word_1_119' title='bbox 1216 2438 1276 2498; x_wconf 86' lang='lat' dir='ltr'>alia</span> 
     </span>
     <span class='ocr_line' id='line_1_17' title="bbox 201 2565 1276 2649; baseline -0.003 -21"><span class='ocrx_word' id='word_1_120' title='bbox 201 2589 406 2648; x_wconf 88' lang='lat' dir='ltr'>quacumque</span> <span class='ocrx_word' id='word_1_121' title='bbox 428 2588 526 2629; x_wconf 89' lang='lat' dir='ltr'>causa</span> <span class='ocrx_word' id='word_1_122' title='bbox 551 2589 608 2649; x_wconf 88' lang='lat' dir='ltr'>per</span> <span class='ocrx_word' id='word_1_123' title='bbox 631 2589 665 2629; x_wconf 94' lang='lat' dir='ltr'>se</span> <span class='ocrx_word' id='word_1_124' title='bbox 689 2569 757 2629; x_wconf 90' lang='lat' dir='ltr'>sola</span> <span class='ocrx_word' id='word_1_125' title='bbox 778 2569 854 2630; x_wconf 91' lang='lat' dir='ltr'>satis</span> <span class='ocrx_word' id='word_1_126' title='bbox 866 2567 1019 2628; x_wconf 84' lang='lat' dir='ltr'>valuisset</span> <span class='ocrx_word' id='word_1_127' title='bbox 1050 2568 1080 2627; x_wconf 91' lang='lat' dir='ltr'>in</span> <span class='ocrx_word' id='word_1_128' title='bbox 1094 2565 1154 2627; x_wconf 90' lang='lat' dir='ltr'>hac</span> <span class='ocrx_word' id='word_1_129' title='bbox 1166 2575 1276 2627; x_wconf 88' lang='lat' dir='ltr'>autem</span> 
     </span>
     <span class='ocr_line' id='line_1_18' title="bbox 202 2692 1276 2768; baseline -0.005 -13"><span class='ocrx_word' id='word_1_130' title='bbox 202 2716 221 2755; x_wconf 92' lang='lat' dir='ltr'>a</span> <span class='ocrx_word' id='word_1_131' title='bbox 243 2695 317 2756; x_wconf 91' lang='lat' dir='ltr'>viris</span> <span class='ocrx_word' id='word_1_132' title='bbox 335 2695 437 2756; x_wconf 87' lang='lat' dir='ltr'>doctis</span> <span class='ocrx_word' id='word_1_133' title='bbox 459 2694 615 2755; x_wconf 89' lang='lat' dir='ltr'>nonnullis</span> <span class='ocrx_word' id='word_1_134' title='bbox 628 2695 787 2757; x_wconf 90' lang='lat' dir='ltr'>immerito</span> <span class='ocrx_word' id='word_1_135' title='bbox 799 2695 829 2755; x_wconf 90' lang='lat' dir='ltr'>in</span> <span class='ocrx_word' id='word_1_136' title='bbox 843 2693 977 2755; x_wconf 91' lang='lat' dir='ltr'>dubium</span> <span class='ocrx_word' id='word_1_137' title='bbox 991 2703 1134 2768; x_wconf 82' lang='lat' dir='ltr'>vocatur,</span> <span class='ocrx_word' id='word_1_138' title='bbox 1149 2692 1276 2753; x_wconf 88' lang='lat' dir='ltr'>uberius</span> 
     </span>
     <span class='ocr_line' id='line_1_19' title="bbox 203 2818 1276 2902; baseline -0.002 -20"><span class='ocrx_word' id='word_1_139' title='bbox 203 2842 281 2882; x_wconf 88' lang='lat' dir='ltr'>mox</span> <span class='ocrx_word' id='word_1_140' title='bbox 313 2821 502 2902; x_wconf 86' lang='lat' dir='ltr'>disputab0;</span> <span class='ocrx_word' id='word_1_141' title='bbox 536 2821 597 2883; x_wconf 93' lang='lat' dir='ltr'>hoc</span> <span class='ocrx_word' id='word_1_142' title='bbox 621 2822 691 2883; x_wconf 93' lang='lat' dir='ltr'>loco</span> <span class='ocrx_word' id='word_1_143' title='bbox 714 2822 789 2883; x_wconf 88' lang='lat' dir='ltr'>illud</span> <span class='ocrx_word' id='word_1_144' title='bbox 815 2842 914 2882; x_wconf 89' lang='lat' dir='ltr'>uuum</span> <span class='ocrx_word' id='word_1_145' title='bbox 938 2822 1110 2882; x_wconf 89' lang='lat' dir='ltr'>adnotasse</span> <span class='ocrx_word' id='word_1_146' title='bbox 1130 2818 1276 2892; x_wconf 77' lang='lat' dir='ltr'>sufficiat,</span> 
     </span>
     <span class='ocr_line' id='line_1_20' title="bbox 201 2947 1276 3029; baseline -0.003 -20"><span class='ocrx_word' id='word_1_147' title='bbox 201 2949 450 3023; x_wconf 85' lang='lat' dir='ltr'>Tertullianum,</span> <span class='ocrx_word' id='word_1_148' title='bbox 476 2950 641 3029; x_wconf 86' lang='lat' dir='ltr'>egregium</span> <span class='ocrx_word' id='word_1_149' title='bbox 666 2949 740 3010; x_wconf 91' lang='lat' dir='ltr'>illud</span> <span class='ocrx_word' id='word_1_150' title='bbox 761 2949 959 3011; x_wconf 87' lang='lat' dir='ltr'>Christianae</span> <span class='ocrx_word' id='word_1_151' title='bbox 971 2948 1145 3028; x_wconf 89' lang='lat' dir='ltr'>Religionis</span> <span class='ocrx_word' id='word_1_152' title='bbox 1160 2947 1276 3022; x_wconf 87' lang='lat' dir='ltr'>lumen,</span> 
     </span>
     <span class='ocr_line' id='line_1_21' title="bbox 202 3056 1279 3157; baseline -0.002 -21"><span class='ocrx_word' id='word_1_153' title='bbox 202 3076 256 3157; x_wconf 92' lang='lat' dir='ltr'>qui</span> <span class='ocrx_word' id='word_1_154' title='bbox 290 3097 336 3138; x_wconf 91' lang='lat' dir='ltr'>ca.</span> <span class='ocrx_word' id='word_1_155' title='bbox 372 3097 493 3137; x_wconf 80' lang='lat' dir='ltr'>annunt</span> <span class='ocrx_word' id='word_1_156' title='bbox 528 3098 558 3157; x_wconf 89' lang='lat' dir='ltr'>p.</span> <span class='ocrx_word' id='word_1_157' title='bbox 591 3056 664 3139; x_wconf 84' lang='lat' dir='ltr'>Chr.</span> <span class='ocrx_word' id='word_1_158' title='bbox 698 3093 762 3140; x_wconf 86' lang='lat'>200</span> <span class='ocrx_word' id='word_1_159' title='bbox 783 3113 834 3139; x_wconf 83' lang='lat'>.-</span> <span class='ocrx_word' id='word_1_160' title='bbox 867 3077 1009 3138; x_wconf 89' lang='lat' dir='ltr'>nondum</span> <span class='ocrx_word' id='word_1_161' title='bbox 1034 3085 1164 3137; x_wconf 87' lang='lat' dir='ltr'>centum</span> <span class='ocrx_word' id='word_1_162' title='bbox 1189 3076 1279 3135; x_wconf 87' lang='lat' dir='ltr'>annis</span> 
     </span>
     <span class='ocr_line' id='line_1_22' title="bbox 202 3203 1278 3284; baseline -0.002 -21"><span class='ocrx_word' id='word_1_163' title='bbox 202 3212 276 3283; x_wconf 86' lang='lat' dir='ltr'>post</span> <span class='ocrx_word' id='word_1_164' title='bbox 296 3204 383 3264; x_wconf 90' lang='lat' dir='ltr'>Plinii</span> <span class='ocrx_word' id='word_1_165' title='bbox 406 3204 600 3284; x_wconf 87' lang='lat' dir='ltr'>legationem</span> <span class='ocrx_word' id='word_1_166' title='bbox 625 3203 740 3284; x_wconf 87' lang='lat' dir='ltr'>elapsis</span> <span class='ocrx_word' id='word_1_167' title='bbox 763 3240 807 3248; x_wconf 90' lang='lat'><strong>—</strong></span> <span class='ocrx_word' id='word_1_168' title='bbox 830 3205 860 3264; x_wconf 92' lang='lat' dir='ltr'>in</span> <span class='ocrx_word' id='word_1_169' title='bbox 884 3204 993 3264; x_wconf 76' lang='lat' dir='ltr'>Africa</span> <span class='ocrx_word' id='word_1_170' title='bbox 1007 3203 1130 3282; x_wconf 76' lang='lat' dir='ltr'>floruit,</span> <span class='ocrx_word' id='word_1_171' title='bbox 1145 3204 1174 3262; x_wconf 92' lang='lat' dir='ltr'>in</span> <span class='ocrx_word' id='word_1_172' title='bbox 1189 3222 1278 3282; x_wconf 85' lang='lat' dir='ltr'>prae-</span> 
     </span>
     <span class='ocr_line' id='line_1_23' title="bbox 202 3330 1279 3412; baseline 0 -22"><span class='ocrx_word' id='word_1_173' title='bbox 202 3330 287 3390; x_wconf 93' lang='lat' dir='ltr'>claro</span> <span class='ocrx_word' id='word_1_174' title='bbox 317 3330 369 3392; x_wconf 93' lang='lat' dir='ltr'>illo</span> <span class='ocrx_word' id='word_1_175' title='bbox 399 3330 495 3406; x_wconf 88' lang='lat' dir='ltr'>libr0,</span> <span class='ocrx_word' id='word_1_176' title='bbox 529 3351 626 3412; x_wconf 92' lang='lat' dir='ltr'>quem</span> <span class='ocrx_word' id='word_1_177' title='bbox 656 3331 863 3412; x_wconf 83' lang='lat' dir='ltr'>Apologetici</span> <span class='ocrx_word' id='word_1_178' title='bbox 887 3331 1015 3391; x_wconf 91' lang='lat' dir='ltr'>nomine</span> <span class='ocrx_word' id='word_1_179' title='bbox 1039 3331 1211 3410; x_wconf 83' lang='lat' dir='ltr'>inscripsit,</span> <span class='ocrx_word' id='word_1_180' title='bbox 1237 3351 1279 3390; x_wconf 82' lang='lat' dir='ltr'>ex</span> 
     </span>
     <span class='ocr_line' id='line_1_24' title="bbox 202 3456 1278 3538; baseline -0.002 -20"><span class='ocrx_word' id='word_1_181' title='bbox 202 3458 290 3519; x_wconf 90' lang='lat' dir='ltr'>Plinii</span> <span class='ocrx_word' id='word_1_182' title='bbox 322 3458 463 3538; x_wconf 88' lang='lat' dir='ltr'>epistulis</span> <span class='ocrx_word' id='word_1_183' title='bbox 493 3459 692 3519; x_wconf 89' lang='lat' dir='ltr'>notissimam</span> <span class='ocrx_word' id='word_1_184' title='bbox 716 3457 801 3518; x_wconf 93' lang='lat' dir='ltr'>illam</span> <span class='ocrx_word' id='word_1_185' title='bbox 826 3458 866 3518; x_wconf 88' lang='lat' dir='ltr'>dc</span> <span class='ocrx_word' id='word_1_186' title='bbox 890 3456 1092 3531; x_wconf 79' lang='lat' dir='ltr'>ChristianiS,</span> <span class='ocrx_word' id='word_1_187' title='bbox 1118 3476 1278 3517; x_wconf 87' lang='lat' dir='ltr'>unacum</span> 
     </span>
     <span class='ocr_line' id='line_1_25' title="bbox 203 3582 1278 3665; baseline -0.002 -21"><span class='ocrx_word' id='word_1_188' title='bbox 203 3583 407 3665; x_wconf 88' lang='lat' dir='ltr'>Imperatoris</span> <span class='ocrx_word' id='word_1_189' title='bbox 433 3583 561 3659; x_wconf 82' lang='lat' dir='ltr'>Traiani</span> <span class='ocrx_word' id='word_1_190' title='bbox 590 3604 761 3664; x_wconf 83' lang='lat' dir='ltr'>responSO,</span> <span class='ocrx_word' id='word_1_191' title='bbox 787 3604 890 3664; x_wconf 89' lang='lat' dir='ltr'>paene</span> <span class='ocrx_word' id='word_1_192' title='bbox 914 3585 989 3664; x_wconf 90' lang='lat' dir='ltr'>ipsis</span> <span class='ocrx_word' id='word_1_193' title='bbox 1011 3583 1117 3644; x_wconf 85' lang='lat' dir='ltr'>verbis</span> <span class='ocrx_word' id='word_1_194' title='bbox 1141 3582 1278 3657; x_wconf 87' lang='lat' dir='ltr'>adferre,</span> 
     </span>
     <span class='ocr_line' id='line_1_26' title="bbox 203 3709 1035 3791; baseline 0 -20"><span class='ocrx_word' id='word_1_195' title='bbox 203 3721 235 3772; x_wconf 89' lang='lat' dir='ltr'>et</span> <span class='ocrx_word' id='word_1_196' title='bbox 259 3711 389 3790; x_wconf 90' lang='lat' dir='ltr'>copiose</span> <span class='ocrx_word' id='word_1_197' title='bbox 412 3709 452 3770; x_wconf 91' lang='lat' dir='ltr'>de</span> <span class='ocrx_word' id='word_1_198' title='bbox 476 3709 619 3771; x_wconf 89' lang='lat' dir='ltr'>Caesaris</span> <span class='ocrx_word' id='word_1_199' title='bbox 644 3711 796 3790; x_wconf 87' lang='lat' dir='ltr'>rescripto</span> <span class='ocrx_word' id='word_1_200' title='bbox 821 3710 993 3789; x_wconf 89' lang='lat' dir='ltr'>disputare.</span> <span class='ocrx_word' id='word_1_201' title='bbox 1013 3709 1035 3791; x_wconf 69' lang='lat' dir='ltr'>&#39;l</span> 
     </span>
    </p>

    <p class='ocr_par' dir='ltr' id='par_1_7' title="bbox 203 3833 1281 4042">
     <span class='ocr_line' id='line_1_27' title="bbox 248 3833 1280 3919; baseline 0 -23"><span class='ocrx_word' id='word_1_202' title='bbox 248 3836 345 3919; x_wconf 86' lang='lat' dir='ltr'>Quod</span> <span class='ocrx_word' id='word_1_203' title='bbox 370 3837 499 3916; x_wconf 92' lang='lat' dir='ltr'>quidem</span> <span class='ocrx_word' id='word_1_204' title='bbox 524 3846 683 3915; x_wconf 89' lang='lat' dir='ltr'>quantum</span> <span class='ocrx_word' id='word_1_205' title='bbox 706 3836 811 3898; x_wconf 87' lang='lat' dir='ltr'>valeat</span> <span class='ocrx_word' id='word_1_206' title='bbox 835 3837 876 3896; x_wconf 90' lang='lat' dir='ltr'>ad</span> <span class='ocrx_word' id='word_1_207' title='bbox 897 3836 977 3898; x_wconf 91' lang='lat' dir='ltr'>illius</span> <span class='ocrx_word' id='word_1_208' title='bbox 998 3837 1153 3918; x_wconf 87' lang='lat' dir='ltr'>epistulae</span> <span class='ocrx_word' id='word_1_209' title='bbox 1167 3833 1280 3897; x_wconf 61' lang='grc' dir='ltr'>αὐθεν-</span> 
     </span>
     <span class='ocr_line' id='line_1_28' title="bbox 203 3962 1281 4042; baseline -0.002 -17"><span class='ocrx_word' id='word_1_210' title='bbox 203 3967 272 4025; x_wconf 69' lang='lat' dir='ltr'>run</span> <span class='ocrx_word' id='word_1_211' title='bbox 307 3963 591 4025; x_wconf 84' lang='lat' dir='ltr'>demonstrandam</span> <span class='ocrx_word' id='word_1_212' title='bbox 634 3973 747 4042; x_wconf 91' lang='lat' dir='ltr'>postea</span> <span class='ocrx_word' id='word_1_213' title='bbox 778 3963 965 4038; x_wconf 88' lang='lat' dir='ltr'>ostendam,</span> <span class='ocrx_word' id='word_1_214' title='bbox 997 3985 1081 4025; x_wconf 91' lang='lat' dir='ltr'>nunc</span> <span class='ocrx_word' id='word_1_215' title='bbox 1112 3964 1185 4024; x_wconf 91' lang='lat' dir='ltr'>inde</span> <span class='ocrx_word' id='word_1_216' title='bbox 1220 3962 1281 4024; x_wconf 91' lang='lat' dir='ltr'>hoc</span> 
     </span>
    </p>
   </div>
   <div class='ocr_carea' id='block_1_6' title="bbox 205 4089 1280 4170">
    <p class='ocr_par' dir='ltr' id='par_1_8' title="bbox 205 4089 1280 4170">
     <span class='ocr_line' id='line_1_29' title="bbox 205 4089 1280 4170; baseline -0.001 -18"><span class='ocrx_word' id='word_1_217' title='bbox 205 4112 304 4152; x_wconf 90' lang='lat' dir='ltr'>unum</span> <span class='ocrx_word' id='word_1_218' title='bbox 338 4092 434 4170; x_wconf 91' lang='lat' dir='ltr'>idque</span> <span class='ocrx_word' id='word_1_219' title='bbox 465 4110 537 4150; x_wconf 91' lang='lat' dir='ltr'>meo</span> <span class='ocrx_word' id='word_1_220' title='bbox 568 4089 635 4167; x_wconf 89' lang='lat' dir='ltr'>jure</span> <span class='ocrx_word' id='word_1_221' title='bbox 666 4089 814 4170; x_wconf 90' lang='lat' dir='ltr'>colligere</span> <span class='ocrx_word' id='word_1_222' title='bbox 845 4090 920 4151; x_wconf 92' lang='lat' dir='ltr'>mihi</span> <span class='ocrx_word' id='word_1_223' title='bbox 944 4091 1070 4167; x_wconf 89' lang='lat' dir='ltr'>videor,</span> <span class='ocrx_word' id='word_1_224' title='bbox 1094 4089 1280 4152; x_wconf 90' lang='lat' dir='ltr'>Tertulliani</span> 
     </span>
    </p>
   </div>
   <div class='ocr_carea' id='block_1_7' title="bbox 207 4260 398 4268">
    <p class='ocr_par' dir='ltr' id='par_1_9' title="bbox 207 4260 398 4268">
     <span class='ocr_line' id='line_1_30' title="bbox 207 4260 398 4268; baseline -0.01 0"><span class='ocrx_word' id='word_1_225' title='bbox 207 4260 398 4268; x_wconf 78' lang='lat'>--.-.-—-</span> 
     </span>
    </p>
   </div>
   <div class='ocr_carea' id='block_1_8' title="bbox 240 4367 468 4429">
    <p class='ocr_par' dir='ltr' id='par_1_10' title="bbox 240 4367 468 4429">
     <span class='ocr_line' id='line_1_31' title="bbox 240 4367 468 4429; baseline 0.009 -16"><span class='ocrx_word' id='word_1_226' title='bbox 240 4370 257 4424; x_wconf 68' lang='lat'>¹)</span> <span class='ocrx_word' id='word_1_227' title='bbox 277 4367 386 4429; x_wconf 82' lang='lat' dir='ltr'>Apolog.</span> <span class='ocrx_word' id='word_1_228' title='bbox 404 4383 417 4415; x_wconf 91' lang='lat' dir='ltr'>e</span> <span class='ocrx_word' id='word_1_229' title='bbox 444 4381 468 4416; x_wconf 91' lang='lat'>2.</span> 
     </span>
    </p>
   </div>
   <div class='ocr_carea' id='block_1_9' title="bbox 0 0 1567 5130">
    <p class='ocr_par' dir='ltr' id='par_1_11' title="bbox 0 0 1567 5130">
     <span class='ocr_line' id='line_1_32' title="bbox 0 0 1567 5130; baseline 0 0"><span class='ocrx_word' id='word_1_230' title='bbox 0 0 1567 5130; x_wconf 95' lang='lat' dir='ltr'> </span> 
     </span>
    </p>
   </div>
  </div>
 </body>
</html>
