3114 5130
764 492 824 579 Ι09

250 666 432 729 domesticis
455 666 618 730 discordiis
641 668 735 729 valde
757 668 954 744 vexabatur,
979 687 1079 747 quare
1098 665 1272 728 rectissime
1284 664 1327 727 ibi

251 796 438 875 praesertim
462 815 592 856 omnem
617 796 854 876 inquisitionem
878 796 909 855 in
933 793 1146 867 Christianos,
1171 802 1203 854 et
1215 792 1326 855 delati-

248 942 327 982 ones
362 923 429 983 sine
463 923 602 984 auctoris
639 923 767 983 nomine
790 923 972 1003 propositas
995 921 1151 982 vetandas
1176 941 1246 980 esse
1269 941 1328 981 ex-

248 1048 422 1109 istimabat.

294 1173 402 1255 Quare
426 1194 489 1234 non
512 1173 584 1235 ideo
607 1175 764 1255 Trajanus
788 1173 985 1237 Christianos
1010 1173 1243 1254 conquirendos
1256 1194 1325 1234 esse

248 1302 392 1380 negavit,
428 1301 516 1382 quod
552 1302 682 1361 omnino
714 1302 866 1364 innoxios
897 1321 953 1361 eos
985 1300 1138 1375 haberet,
1171 1301 1226 1360 sed
1251 1302 1325 1381 quia

247 1427 384 1508 putabat
408 1427 530 1488 minore
552 1428 735 1508 provinciae
758 1427 963 1495 incommodo
983 1426 1179 1489 Christianos
1202 1427 1325 1508 aliquot

248 1554 422 1633 impunitos
445 1553 560 1628 latere,
585 1574 684 1634 quam
709 1574 821 1615 omnes
834 1556 986 1635 conquiri.
1001 1555 1109 1637 Quare
1121 1575 1180 1615 suo
1193 1554 1323 1634 quidem

242 1679 313 1758 jure
342 1679 557 1741 Tertullianus
587 1681 617 1740 in
641 1682 794 1760 rescripto
817 1681 1030 1743 constantiam
1054 1680 1224 1742 desiderari
1248 1701 1323 1741 con-

246 1805 357 1882 tendit,
372 1807 429 1887 ipsi
442 1826 518 1867 vero
530 1806 670 1886 Trajano
683 1807 779 1868 animi
792 1807 983 1869 discordiam
996 1808 1155 1868 immerito
1168 1806 1322 1888 objecit.¹)

290 1932 353 1994 Sed
377 1953 420 1993 ex
440 1931 502 1994 hoc
521 1932 622 1994 altero
642 1931 829 1994 Tertulliani
850 1953 955 1994 errore
977 1954 1097 1994 novum
1110 1954 1168 2014 pro
1181 1935 1323 2014 rescripti

248 2054 398 2120 κύθεντία
421 2069 649 2139 argumentum
673 2060 745 2120 duci
770 2079 863 2135 posse
888 2080 951 2120 non
972 2059 1096 2121 difficile
1120 2060 1320 2140 intellegitur.

292 2186 385 2266 Quae
414 2206 487 2247 cum
512 2187 555 2248 ita
579 2187 658 2264 sint,
683 2186 751 2246 libri
776 2185 869 2247 huius
893 2206 966 2246 cum
991 2187 1128 2247 universi
1152 2196 1221 2248 tum
1245 2207 1322 2247 vero

247 2312 454 2392 epistularum
488 2332 572 2392 quae
602 2313 642 2373 de
673 2310 925 2374 Christianorum
959 2333 1055 2373 causa
1087 2314 1224 2393 scriptae
1247 2324 1322 2376 sunt

246 2434 397 2500 κὺθεντία
423 2437 520 2500 firmis
543 2440 741 2518 argumentis
765 2437 891 2500 videtur
914 2437 1042 2500 defensa
1067 2448 1099 2500 et
1123 2439 1273 2500 stabilita.

290 2565 405 2645 Neque
429 2574 537 2626 tamen
561 2565 586 2624 is
611 2584 673 2644 ego
696 2584 768 2624 sum
792 2564 847 2644 qui
872 2583 987 2642 negem
1012 2564 1042 2624 in
1068 2566 1234 2645 utriusque
1256 2566 1322 2645 epi-

244 2691 334 2754 stulis
365 2711 448 2772 quae
479 2690 539 2752 hoc
571 2688 652 2751 libro
676 2691 879 2751 continentur
903 2711 966 2750 non
990 2711 1110 2770 paucas
1134 2690 1321 2753 elocutionis

244 2819 478 2899 neglegentiaS,
513 2837 576 2877 non
602 2837 722 2897 paucos
746 2818 823 2879 item
845 2816 1034 2879 difficiliores
1058 2817 1145 2879 locos
1170 2818 1317 2892 inveniri,

243 2946 298 3007 sed
322 2966 360 3006 ea
384 2945 471 3026 (cum
496 2945 563 3005 viro
588 2944 773 3006 doctissimo
797 2943 967 3020 Schaedel,
993 2966 1088 3025 aquo
1102 2946 1132 3005 in
1146 2945 1213 3006 aliis
1226 2945 1321 3023 longe

242 3073 406 3149 dissentio)
429 3092 503 3133 cum
527 3071 600 3132 inde
623 3081 694 3132 orta
718 3072 887 3146 existima,
912 3072 1000 3152 quod
1025 3091 1088 3131 non
1113 3073 1180 3151 ipse
1203 3070 1320 3131 Plinius

241 3201 357 3262 librum
388 3199 515 3261 videtur
544 3198 698 3272 edidisse,
717 3198 749 3279 ²)
780 3208 850 3259 tum
883 3198 954 3259 inde
977 3198 1066 3278 quod
1091 3208 1140 3259 tot
1163 3207 1319 3277 tantaque

242 3347 325 3408 quae
356 3327 396 3387 ad
428 3327 542 3387 aetatis
573 3325 654 3387 illius
678 3323 842 3385 historiam
867 3335 898 3386 et
924 3325 1069 3386 instituta
1092 3334 1240 3405 spectant
1263 3334 1320 3386 aut

242 3455 336 3535 plane
360 3463 416 3515 aut
440 3473 592 3532 magnam
617 3451 731 3512 saltem
756 3460 880 3530 partem
907 3450 999 3511 nobis
1023 3452 1133 3531 ignota
1159 3463 1243 3514 sunt.

247 3620 439 3628 ,-.----

277 3729 295 3788 1)
313 3730 406 3777 Omnia
423 3730 467 3778 illa
482 3746 511 3777 ex
528 3731 636 3777 Arnolrli
651 3729 864 3778 commentatione
880 3737 1079 3790 mutuatussum,
1089 3748 1165 3794 quare
1175 3732 1320 3781 doctissimo

240 3809 292 3854 viro
310 3809 408 3856 debitas
426 3809 519 3870 gratias
538 3826 593 3871 ago.

275 3886 294 3946 ²)
312 3888 419 3935 Videtur
436 3888 502 3935 enim
522 3888 617 3935 Plinius
635 3895 677 3935 aut
696 3889 721 3934 in
738 3888 871 3951 Bithynia,
887 3897 928 3936 aut
946 3890 985 3936 vix
1003 3891 1110 3938 Romam
1125 3906 1245 3948 reversus,
1255 3893 1320 3939 libro

239 3967 346 4014 necdum
365 3967 433 4014 edito
451 3967 550 4016 obiisse.
578 3966 653 4026 Quod
673 3967 820 4030 praesertim
839 3983 867 4014 ex
887 3983 917 4014 eo
935 3967 1040 4015 efficitur
1056 3969 1123 4030 quod
1139 3985 1170 4015 ne
1186 3970 1211 4016 in
1226 3971 1319 4017 ultimis

239 4044 311 4091 huius
329 4045 385 4092 libri
401 4045 513 4109 epistulis
528 4045 644 4092 instantis
659 4045 753 4092 reditus
769 4047 863 4093 mentio
881 4045 920 4105 ht,
930 4054 954 4094 et
964 4062 993 4093 ex
1004 4047 1082 4094 titulis
1092 4047 1316 4096 Plinianisnullum

177 4111 181 4119 ²
238 4139 294 4170 cum
313 4132 369 4186 post
386 4125 539 4186 legationem
557 4124 679 4170 honorem
697 4125 802 4185 gessisse
821 4125 981 4185 intellegitur.
1000 4126 1103 4172 Librum
1123 4127 1198 4185 igitur
1213 4127 1317 4174 libertus

237 4202 300 4249 forte
326 4211 368 4250 aut
395 4204 489 4250 amicus
506 4203 626 4261 ediderit,
653 4203 695 4265 qui
720 4203 760 4249 hic
785 4204 835 4251 illic
861 4220 910 4250 non
935 4220 1015 4266 pauca
1033 4205 1138 4251 mutavit
1157 4206 1317 4268 interpolavit

237 4282 326 4340 etiam,
345 4297 395 4328 uon
414 4289 484 4328 tanta
502 4288 585 4329 autem
604 4281 735 4342 diligentia
753 4290 848 4344 quanta
867 4282 961 4329 Plinius
979 4283 1041 4329 alios
1055 4283 1086 4329 ail
1096 4283 1230 4329 familiares
1239 4284 1316 4330 libros

238 4360 334 4407 videtur
352 4361 505 4410 emendasse.
1071 4362 1074 4367 ’
