3114 5130
752 496 793 554 42

238 664 352 745 Quod,
377 664 585 725 etiamsinon
609 665 652 725 ita
676 663 856 745 frequenter
879 664 997 724 sactum
1023 683 1091 722 esse
1115 656 1315 735 existimem,

237 791 303 851 lieri
327 801 435 852 tamen
463 791 605 870 prolecto
630 791 743 870 potuit.
771 789 865 851 Nulla
890 810 966 869 ergo
991 789 1116 849 videtur
1138 788 1235 859 rati0,'
1260 805 1316 846 cur

236 917 319 977 hanc
331 916 500 996 epistulam
510 917 551 978 ab
560 918 756 999 Imperatore
764 916 903 996 Trajano
912 917 1062 996 scriptam
1072 935 1141 974 esse
1150 933 1314 992 negemus,

280 1043 435 1104 Eiusdem
466 1043 529 1103 lere
559 1044 675 1104 tarinae
705 1054 796 1116 sunt,
829 1063 913 1123 quae
948 1043 978 1102 in
1010 1040 1077 1102 aliis
1109 1039 1237 1119 Trajani
1269 1059 1316 1098 re-

238 1170 363 1249 sponsis
386 1170 487 1250 carpit
509 1169 638 1249 Ussing.

282 1296 357 1356 Non
386 1296 488 1356 multo
512 1305 585 1376 post
609 1296 725 1358 scribet
748 1296 864 1357 Plinius
884 1301 926 1372 ¹):
951 1294 1160 1374 „Diplomata
1177 1290 1223 1372 Ιἱ),
1248 1292 1316 1352 Do-

238 1421 338 1499 mine,
381 1441 519 1502 quorum
560 1421 627 1481 dies
666 1422 827 1501 praeteriit
858 1441 898 1480 an
930 1421 1060 1480 omnino
1091 1418 1253 1479 observari
1283 1427 1315 1478 et

236 1547 390 1626 quamdiu
422 1547 515 1627 veliS,
549 1568 628 1627 rogo
660 1549 794 1623 scribas,
821 1567 937 1627 meque
960 1545 1170 1607 haesitatione
1192 1544 1314 1605 liberes.

237 1671 359 1732 Vereor
382 1673 467 1732 enim
499 1693 538 1732 ue
569 1674 600 1733 in
631 1674 817 1735 alterutram
840 1682 971 1754 partem
988 1672 1168 1752 ignorantia
1191 1669 1316 1751 lapsus,

239 1807 295 1858 aut
318 1797 434 1858 inlicita
457 1798 662 1874 confirmem,
687 1810 743 1861 aut
766 1800 941 1860 neccssaria
965 1796 1169 1879 impediam.’'

283 1925 462 2005 Respondit
491 1926 648 2005 Trajanus
661 1923 704 2009 ἱ’);
736 1926 944 2006 „Diplornata
965 1946 1103 2006 quorum
1127 1925 1316 2006 praeteritus

182 2110 188 2119 ,
238 2061 287 2112 est
310 2052 377 2112 dies
401 2073 464 2112 non
489 2052 608 2113 debent
631 2073 700 2113 esse
724 2054 753 2113 in
779 2074 853 2129 usu;
874 2053 945 2114 ideo
965 2054 1045 2113 inter
1064 2053 1167 2132 prima
1185 2050 1315 2129 injungo

240 2176 314 2237 mihi
340 2189 374 2239 ut
395 2198 451 2258 per
470 2197 582 2239 omnes
601 2180 780 2259 provincias
799 2191 874 2242 ante
895 2181 1020 2241 mittam
1035 2200 1118 2241 nova
1129 2179 1315 2259 diplomata,

238 2324 337 2383 quam
361 2305 530 2365 desiderari
553 2303 708 2385 possint.''

284 2431 420 2492 Videtur
444 2430 519 2492 mihi
535 2432 664 2512 quidem
677 2433 834 2512 Trajauus
847 2435 969 2514 optime
981 2434 1191 2514 respondisse.
1206 2432 1316 2513 Diplo-

241 2568 328 2619 mata
356 2560 439 2619 enim
464 2559 514 2621 illa
537 2560 577 2620 ad
601 2561 799 2640 singularum
824 2561 1057 2640 provinciarum
1082 2570 1219 2621 rectores
1239 2560 1316 2639 (non

240 2686 350 2765 utique
373 2686 414 2746 ad
438 2686 505 2747 illos
529 2689 583 2767 qui
603 2708 696 2748 cursu
719 2688 846 2767 publico
869 2689 953 2748 usuri
973 2688 1076 2767 erant)
1097 2686 1315 2757 mittebantur,

238 2813 292 2891 qui
316 2811 385 2872 illos
409 2809 525 2893 quibus
549 2814 741 2894 reipublicae
763 2834 859 2874 causa
883 2815 942 2874 iter
964 2813 1125 2874 celerrime
1149 2811 1331 2902 conficiens

238 2936 316 2997 dum
349 2949 417 2999 erat
444 2937 656 3021 (tabellarios,
682 2961 926 3020 nonnumquam
950 2941 1046 3001 etiam
1071 2935 1226 3020 privatos)
1250 2938 1317 3015 „di-

239 3063 381 3143 plomate
404 3064 633 3144 adjuvabant.’'
649 3064 673 3145 ¹⁴)
697 3067 797 3128 Vetat
817 3068 913 3146 igitur
932 3066 1089 3145 Trajanus
1109 3065 1169 3126 hac
1181 3065 1318 3145 epistula
1341 3131 1344 3135 ,

240 3209 279 3248 ue
311 3188 487 3269 diplomata
510 3191 551 3251 ad
574 3201 694 3252 certam
718 3192 802 3252 diem
826 3194 918 3272 (puta
941 3192 1013 3254 Kal.
1039 3190 1125 3275 Jan.)
1147 3213 1317 3259 concessa.

241 3315 322 3378 ultra
346 3316 430 3377 illam
455 3317 538 3378 diem
563 3320 593 3378 in
618 3339 677 3379 usu
702 3320 781 3394 sint,
807 3320 942 3400 ideoque
965 3321 1023 3380 sibi
1044 3320 1180 3400 injungit
1192 3330 1250 3395 „ut
1263 3339 1318 3378 an-

239 3453 372 3523 tequam
396 3443 564 3505 desiderari
588 3446 711 3524 possint
736 3466 819 3506 nova
844 3445 971 3508 mittat'’
997 3446 1100 3527 (audi:
1126 3446 1165 3506 ad
1190 3446 1318 3525 provin·

239 3571 360 3631 ciarum
392 3570 539 3650 legatos).
572 3571 657 3652 Quid
689 3572 830 3652 Ussing?
862 3564 1017 3649 „Nescio‚
1043 3572 1161 3652 inquit,
1186 3573 1262 3651 quid
1287 3573 1317 3632 in

237 3697 286 3757 his
310 3698 487 3758 maximam
512 3697 755 3760 admirationem
781 3709 921 3774 moveat,
946 3698 996 3760 vel
1019 3699 1106 3780 quod
1130 3700 1237 3760 scribit
1255 3700 1318 3759 Im-

276 3959 398 4021 ¹)'1‘·45-

273 4037 293 4096 a)
313 4038 460 4101 lliplomata
486 4038 583 4085 litterae
611 4048 694 4095 eraut,
722 4047 749 4085 ut
776 4039 852 4086 lindie
877 4040 1020 4102 loquuntur,
1043 4049 1156 4104 patentes
1175 4042 1265 4104 pulli:
1287 4043 1318 4089 tul

237 4123 330 4163 fartum
350 4116 413 4163 illem
432 4117 617 4165 concedebatur
636 4117 737 4164 licentia
756 4119 842 4165 utemli
862 4135 950 4177 ‚,em·su
970 4117 1087 4182 palilicu'¹
1103 4135 1176 4181 quem
1189 4121 1319 4182 'li-ajanus,

238 4198 257 4243 si
276 4212 326 4243 uon
350 4196 456 4244 instituit
475 4197 581 4244 multum
602 4205 685 4245 tamen
704 4207 727 4244 et
746 4199 814 4245 auru
832 4209 856 4246 et
875 4199 976 4262 perfecit
994 4200 1035 4247 csr.
1054 4201 1084 4247 ile
1103 4200 1126 4246 la
1148 4201 1260 4261 burgell,
1277 4219 1317 4263 pp.

242 4289 284 4324 121
305 4292 341 4337 sq.
361 4276 483 4325 lliciauer
501 4277 526 4324 ll.
546 4294 570 4339 p.
591 4276 637 4324 116
656 4286 715 4324 uota
733 4290 746 4324 2
775 4278 939 4326 Friedlttmler
957 4280 1006 4329 SC.
1027 4280 1050 4326 ll
1069 4297 1109 4342 pp.
1133 4293 1236 4339 14--22.

276 4354 296 4417 ³)
316 4356 346 4402 T.
363 4355 404 4416 46.
640 4355 660 4421 ⁴)
679 4355 722 4405 clr.
741 4357 770 4403 T.
791 4356 863 4417 6401
886 4370 939 4406 120.
