3114 5130
722 494 766 558 49

201 666 317 728 Plinius
340 655 464 728 excutit
483 666 510 747 Ι)
537 666 588 747 (ea
612 686 690 727 voce
715 665 796 727 solet
820 663 894 749 uti);
915 666 999 727 idem
1020 686 1099 726 mox
1122 664 1279 746 Byzantii,

203 795 381 875 Apameae,
406 794 511 855 Amisi
536 814 570 854 se
593 793 703 854 fecisse
723 803 829 855 narrat
847 795 886 874 ²).
909 793 982 874 Qua
1004 794 1034 854 in
1048 813 1081 854 re
1094 793 1279 873 diligentem

200 930 232 982 et
256 921 447 1002 prudentem
470 921 564 981 valde
586 940 620 981 se
644 920 763 992 Plinius
783 920 946 1000 praebuit:
971 941 1054 1002 quae
1078 921 1199 981 aerario
1224 921 1280 981 rei-

99 1113 108 1126 ,
200 1048 347 1130 publicae
380 1048 582 1110 debebantur
616 1048 784 1127 exigebat,
821 1068 964 1128 expensa
996 1067 1105 1108 annua
1137 1048 1280 1108 minuere

97 1251 101 1257 ,
148 1259 152 1264 1
200 1175 393 1249 conabatur,
426 1173 569 1236 aedificia
601 1173 701 1236 multa
732 1184 764 1236 et
794 1174 855 1236 alia
887 1195 1001 1254 opera,
1033 1185 1090 1235 aut
1113 1194 1302 1254 perperam

201 1305 343 1384 incepta,
365 1313 421 1365 aut
440 1312 561 1364 temere
580 1301 738 1377 derelicta,
759 1311 815 1363 aut
834 1301 917 1362 male
934 1310 1098 1363 exstructa
1112 1300 1279 1362 reficienda

201 1440 233 1492 et
262 1430 459 1493 restituenda
490 1430 634 1492 curabat.
670 1430 735 1503 At,
769 1448 842 1489 cum
868 1429 903 1488 iis
927 1429 957 1488 in
982 1428 1077 1488 rebus
1100 1427 1280 1488 architectis

200 1567 232 1619 et
256 1557 455 1618 mensoribus
479 1555 657 1636 Bithynicis
680 1555 777 1617 fidem
803 1576 866 1616 non
890 1554 1040 1631 haberet,
1065 1555 1192 1635 saepius
1217 1555 1279 1614 Im-

119 1746 126 1761 ,
200 1693 381 1764 peratorem
398 1685 510 1759 oravit,
525 1693 560 1744 ut
572 1683 678 1744 Roma
691 1683 749 1744 sibi
763 1683 917 1743 eiusmodi
930 1681 1066 1743 artifices
1080 1683 1220 1743 mitteret
1238 1686 1276 1762 3),

244 1812 317 1894 Qua
348 1813 379 1873 in
410 1832 443 1874 re
474 1811 560 1872 haud
592 1810 679 1871 facile
711 1809 867 1890 Trajanus
898 1809 1005 1890 legato
1029 1819 1158 1890 gratum
1179 1809 1280 1870 facere

200 1950 344 2021 poterat,
377 1941 452 2021 quia
483 1917 685 2018 „mensores
717 1940 835 2020 inquit,
868 1940 922 2000 vix
952 1939 1108 2001 etiamiis
1131 1937 1281 2018 operibus

199 2090 283 2150 quae
305 2078 362 2130 aut
382 2068 507 2129 Romae
524 2078 580 2128 aut
600 2069 629 2129 in
651 2068 801 2147 proximo
821 2066 903 2128 fiunt
928 2067 1120 2128 sufficienter
1142 2064 1279 2127 habe0.”
1305 2127 1306 2130 ,

200 2195 358 2257 Hortatur
385 2196 481 2275 igitur
505 2194 647 2275 legatum
673 2204 707 2255 ut
731 2195 761 2254 in
786 2195 853 2274 ipsa
877 2193 1029 2273 Bithynia
1053 2194 1137 2253 viros
1161 2192 1280 2272 prObos

200 2332 350 2404 quaerat,
386 2322 503 2403 quibus
526 2323 610 2383 credi
634 2322 751 2402 possit,
778 2342 860 2402 quos
884 2322 914 2381 in
939 2322 1026 2381 omni
1049 2320 1211 2401 provincia
1236 2319 1281 2378 in-

200 2451 297 2511 veniri
321 2470 416 2531 posse
439 2450 499 2510 ait:
524 2449 644 2527 „modo
667 2448 745 2509 velis
768 2448 936 2528 diligenter
959 2445 1142 2508 excutere‚''
1162 2448 1202 2526 ³¹).

245 2576 279 2637 ld
303 2597 379 2637 vero
404 2595 608 2656 nequaquam
632 2575 758 2635 videtur
780 2574 937 2658 placuisse
961 2573 1075 2648 Plinio,
1100 2573 1124 2632 si
1149 2571 1279 2650 quidem

147 2713 153 2727 '
200 2703 326 2784 saepius
349 2703 432 2764 idem
457 2702 498 2763 ab
522 2703 719 2783 Imperatore
742 2700 906 2782 efflagitat.

245 2831 363 2892 Niceae
392 2829 554 2891 theatrum
585 2840 617 2890 et
644 2830 867 2909 gymnasium,
892 2826 1091 2907 Claudiopoli
1116 2826 1277 2887 balineum

201 2958 320 3037 ingenti
354 2957 503 3039 quamvis
537 2957 689 3036 pecunia,
734 2957 776 3016 ita
812 2975 979 3036 perperam
1014 2965 1122 3016 tamen
1159 2952 1280 3014 exstrui

200 3085 324 3160 scribit,
344 3093 379 3145 ut
400 3084 480 3144 uiuri
500 3082 606 3144 hiatus
626 3084 745 3144 ducant
765 3093 797 3143 et
817 3083 940 3143 ruinam
955 3083 1124 3143 minentur.
1137 3079 1280 3142 Theatro

200 3222 309 3274 autem
330 3232 371 3272 ex
391 3212 588 3291 privatorum
607 3209 774 3270 hominum
794 3210 958 3291 promissis
979 3209 1078 3270 multa
1092 3217 1281 3271 ornamenta

200 3338 308 3400 deberi
342 3357 463 3419 „quae
497 3338 614 3418 inquit,
648 3357 732 3398 nunc
762 3338 869 3397 omnia
901 3336 1103 3411 differuntur,
1135 3345 1281 3398 cessante

201 3487 263 3540 e0‚⁴
288 3465 375 3546 quod
407 3465 493 3545 prius
524 3464 742 3544 peragendum
768 3462 847 3524 est''.
867 3463 896 3543 ⁵)
932 3462 1040 3543 Quare
1063 3464 1177 3524 iterum
1201 3462 1280 3522 Tra-

195 3591 307 3671 janum
339 3600 409 3653 orat
433 3600 467 3652 ut
492 3589 699 3651 architectum
727 3589 783 3649 sibi
809 3589 935 3650 mittere
959 3589 1035 3650 velit
1058 3590 1111 3670 qui
1135 3588 1280 3668 dispiciat

200 3725 329 3798 „utrum
350 3720 390 3780 sit
411 3718 516 3779 utilius
537 3727 611 3798 post
630 3727 773 3779 sumtum
794 3718 848 3798 qui
861 3716 962 3779 lactus
975 3726 1024 3778 est
1036 3737 1168 3798 quoquo
1182 3716 1280 3777 modo

200 3865 423 3908 consummare
453 3865 550 3928 opera
581 3853 615 3905 ut
646 3843 796 3904 inchoata
827 3853 917 3918 sunt,
949 3863 989 3904 an
1021 3863 1104 3928 quae
1133 3843 1281 3904 videntur

200 3972 399 4034 emendanda
434 3972 606 4050 corrigere,
643 3990 727 4051 quae
762 3969 977 4031 transferenda
1007 3970 1191 4045 transferre,
1223 3991 1278 4046 ne,

200 4151 395 4159 ——-—u

145 4255 148 4259 ⁴
238 4270 257 4334 ¹)
278 4271 307 4320 T·
328 4281 355 4332 ¹7
377 4272 406 4321 A·
560 4269 579 4327 ²)
598 4271 627 4321 r.
645 4285 686 4333 43.
704 4281 744 4332 47¹
763 4283 803 4331 92-

237 4347 256 4415 ⁸)
275 4351 304 4400 T.
326 4352 400 4412 1713.
561 4349 583 4409 ⁴)
600 4352 629 4401 T.
652 4352 688 4400 18.
866 4346 883 4408 ⁵)
904 4350 932 4400 T.
948 4364 987 4413 39.
