3114 5130
783 477 826 540 60

264 660 352 723 datio
376 662 416 722 de
440 664 628 726 necessitate
652 664 778 727 videtur
800 667 914 746 requiri
926 687 932 742 ;
955 666 989 727 τὸ
1008 688 1079 727 eam
1099 666 1183 727 enim
1203 686 1259 727 cur
1278 684 1342 726 non

267 797 375 868 potest
399 789 501 849 referri
526 789 565 850 ad
590 790 624 851 τὸ
648 791 817 871 „positio”.
842 793 978 855 Videtur
1001 795 1085 855 idem
1105 794 1240 854 sensisse
1261 792 1342 867 Keil,

266 914 320 993 qui
345 912 451 975 locum
476 916 631 977 intactum
656 906 791 998 reliquit.

312 1040 350 1102 T.
379 1059 394 1119 3
421 1042 456 1103 ll.
481 1042 705 1124 „Obsequium
726 1045 912 1125 amplissimi
931 1046 1048 1108 ordinis
1067 1047 1154 1126 quod
1169 1046 1344 1125 justissime

266 1168 419 1248 exigebat
443 1168 668 1249 praestand0.'’
690 1181 750 1233 cet.
772 1171 938 1248 „Scribere
954 1172 1081 1248 debuit,
1095 1173 1196 1252 inquit
1209 1172 1344 1260 Ussing:

266 1295 376 1375 „quod
399 1296 591 1376 obsequium
615 1297 813 1379 amplissimo
838 1299 938 1360 ordini
962 1301 992 1360 in
1017 1321 1055 1360 ea
1074 1320 1107 1360 re
1126 1319 1225 1380 quam
1238 1298 1347 1378 justis·

268 1423 347 1483 sime
370 1423 522 1503 exigebat
543 1423 765 1504 praestitisti.”.
780 1424 809 1508 ¹)
828 1399 898 1487 Sed
913 1434 945 1486 et
965 1424 1015 1487 hic
1028 1426 1120 1486 nimis
1131 1425 1232 1487 acutis
1249 1424 1347 1485 oculis
1369 1459 1370 1462 =

270 1549 440 1630 Ussingius
463 1551 493 1611 in
517 1571 656 1612 errorem
680 1551 805 1613 videtur
824 1551 981 1622 inductus.
1003 1551 1192 1615 Rectissime
1212 1551 1346 1613 adnotat

269 1677 411 1757 During:
436 1676 550 1755 „Nach
574 1672 630 1738 der
652 1677 837 1739 bekannten
857 1679 883 1738 F
886 1677 1028 1757 ahigkeit
1047 1679 1103 1738 der
1116 1679 1249 1740 meisten
1262 1677 1345 1739 Sub-

269 1805 409 1865 stantiva
440 1804 543 1866 active
575 1804 638 1865 und
662 1805 788 1884 passive
812 1805 1005 1885 Bedeutung
1027 1803 1265 1880 anzunehmen‚
1291 1803 1347 1866 hat

270 1927 353 1990 auch
385 1930 441 1990 der
473 1930 611 1992 Genetiv
641 1951 679 1990 zu
711 1930 902 2011 obsequium
934 1928 964 1991 in
992 1931 1067 1992 dem
1096 1930 1194 1992 Sinne
1217 1930 1348 2009 „Nach-

271 2055 447 2137 giebigkeit
479 2054 598 2118 welche
629 2077 703 2118 man
735 2057 809 2118 dem
841 2057 959 2119 Senate
991 2055 1137 2137 schuldig
1159 2056 1221 2119 ist''
1246 2056 1349 2118 nichts

272 2182 462 2263 Auflalliges
476 2181 493 2208 ’³
512 2184 540 2266 ²)
565 2183 733 2259 Ceterum,
758 2183 782 2243 si
805 2205 870 2264 qua
894 2185 990 2246 etiam
1008 2184 1168 2246 videretur
1179 2185 1292 2246 adesse
1304 2184 1349 2244 of-

272 2311 382 2387 fensis,
410 2332 448 2372 ea
479 2309 623 2373 facillime
646 2310 713 2372 tolli
737 2319 847 2391 posset
869 2303 1043 2373 mutandoi
1068 2310 1275 2391 „amplissimi
1298 2331 1348 2371 or-

271 2437 372 2500 anm
398 2439 428 2499 in
453 2438 671 2518 „amplissimo
694 2436 826 2499 oram.n
1271 2417 1273 2422 ‘

315 2566 408 2626 Plura
433 2563 482 2625 his
506 2564 568 2625 lere
591 2564 703 2625 similia
726 2565 895 2644 Ussingius
913 2563 1003 2625 affert
1024 2573 1059 2624 ut
1078 2562 1235 2624 scribendi
1255 2561 1350 2639 „bar-

272 2690 414 2754 bariem”
447 2691 612 2766 ostendat,
645 2690 701 2751 scd
732 2690 884 2772 pleraque
908 2699 965 2751 aut
988 2688 1147 2750 levissima
1171 2689 1350 2750 mutatione

272 2820 360 2881 facile
394 2819 622 2892 emendantur,
654 2827 710 2879 aut
741 2819 818 2879 satis
849 2838 923 2878 cum
954 2837 1011 2898 per
1041 2838 1092 2892 se,
1122 2824 1191 2877 tum
1216 2813 1348 2876 aliorum

274 2949 464 3027 scriptorum
488 2945 679 3007 auctoritate
701 2944 923 3005 defenduntur.

318 3074 366 3134 Ita
389 3072 450 3153 Ep.
476 3072 515 3133 T.
544 3086 614 3150 117.
640 3071 732 3148 „Sed-
748 3092 810 3152 ego
834 3070 904 3131 ideo
928 3069 1131 3151 prudentiam
1149 3078 1239 3130 tuam
1259 3067 1351 3148 elegi,

275 3209 310 3260 ut
323 3196 516 3278 formandis
539 3198 628 3259 istius
652 3198 832 3278 provinciae
857 3196 1000 3257 moribus
1024 3197 1090 3276 ipse
1110 3193 1350 3269 moderareris'',

274 3325 406 3385 offensio
430 3325 550 3399 onmis,
575 3325 600 3385 si
624 3334 756 3404 quaest
777 3323 897 3386 tollitur
915 3323 1020 3384 deleta
1039 3342 1135 3383 voce:
1147 3319 1351 3401 formandae,

273 3475 357 3536 quae
388 3453 609 3534 explicationis
639 3453 742 3532 gratia
772 3452 802 3512 in
835 3451 978 3531 margine
1009 3448 1089 3512 forte
1120 3449 1296 3529 adscripta,
1322 3449 1352 3508 in

274 3590 403 3643 textum
426 3579 571 3641 facillime
594 3579 736 3660 inrepere
759 3579 872 3659 potuit.

320 3706 466 3768 Verbum
491 3704 725 3784 „intribuendi”
750 3705 837 3786 apud
861 3703 939 3765 alios
963 3704 1133 3784 scriptores
1145 3703 1276 3763 inveniri
1289 3722 1353 3762 non

277 3832 426 3911 equidem
449 3831 642 3892 contendere
665 3832 786 3907 ausim;
811 3830 867 3892 sed
890 3850 963 3891 cum
987 3829 1073 3910 apud
1097 3829 1352 3904 jurisconsultos

277 4049 470 4061 ,-,..--.

312 4221 330 4282 ¹)
352 4222 444 4283 Ussing
462 4221 522 4270 ibid.

309 4300 328 4362 ²)
345 4302 444 4362 During
471 4301 496 4347 in
523 4297 1011 4363 Euup.121111.a.11.1.101n.11p.
1031 4309 1086 4359 304,
1105 4295 1267 4347 cl1·.ctTac.
1286 4294 1373 4361 Dial„

273 4382 292 4429 C
313 4393 341 4443 41
362 4381 405 4442 „in
424 4379 571 4446 obsequium
590 4378 699 4441 regentis
716 4374 820 4442 pa1·ati,''
