3114 5130
753 468 812 526 108

242 660 399 725 verterat,
438 661 473 713 ut
507 654 538 712 in
572 651 761 732 capitalibus
793 653 916 733 causis,
941 652 1110 731 antiquum
1129 650 1322 730 judiciorum

242 796 366 837 morem
389 798 492 858 paene
515 779 701 858 expulisset.
728 778 826 859 Quod
848 787 938 858 patet
958 799 1000 838 ex
1013 778 1180 838 notissimo
1192 776 1322 856 Ulpiani

242 941 286 947 -
316 905 370 983 qui
399 904 596 966 Tertulliano
620 905 683 965 lere
706 904 847 985 aequalis
871 914 940 966 erat
962 942 1006 949 -
1030 905 1118 966 loco:
1143 903 1322 984 „Congruit

243 1031 330 1092 bono
362 1041 394 1093 et
422 1033 511 1111 gravi
543 1033 678 1112 praesidi
710 1043 744 1093 ut
768 1043 883 1112 pacata
907 1040 938 1093 et
962 1031 1071 1111 quieta
1094 1031 1135 1092 sit
1158 1030 1320 1110 provincia

160 1182 165 1190 ·
242 1176 340 1236 quam
372 1157 473 1236 regit.
490 1204 496 1218 .
513 1204 541 1218 ..
574 1167 606 1219 et
633 1157 821 1238 sacrilegos,
845 1157 1001 1232 latrones,
1026 1156 1212 1238 plagiarios,
1237 1156 1321 1218 fures

242 1284 428 1363 conquirere
452 1283 549 1345 debet
575 1293 607 1346 et
630 1293 726 1364 prout
750 1285 886 1365 quisque
909 1283 1077 1364 deliquerit
1089 1284 1119 1344 in
1133 1303 1208 1344 eum
1220 1284 1321 1344 anim-

241 1409 440 1472 advertere.''
460 1407 488 1495 ¹)
519 1410 592 1493 Qua
621 1412 652 1471 in
685 1432 717 1472 re
751 1430 825 1473 cnm
861 1411 1057 1473 Tertulliano
1093 1412 1221 1492 egregie
1244 1432 1320 1473 con-

242 1539 348 1612 sentit,
372 1539 426 1618 qui
450 1547 525 1618 post
548 1538 662 1599 acerbe
686 1537 914 1617 reprehensum
934 1537 1062 1617 Trajani
1075 1538 1263 1618 rescriptum
1275 1539 1319 1600 ita

243 1665 364 1744 pergit:
397 1664 614 1742 „Latronibus
645 1665 851 1745 vestigandis
872 1685 929 1745 per
953 1666 1117 1726 universas
1141 1666 1318 1746 provincias

243 1791 385 1852 militaris
418 1791 514 1852 statio
549 1792 680 1853 sortitur
689 1813 695 1867 ;
731 1793 761 1852 in
797 1811 867 1852 reos
904 1791 1080 1871 majestatis
1111 1802 1143 1853 et
1175 1791 1319 1872 publicos

242 1918 352 1980 hostes
375 1920 479 1979 omnis
503 1918 602 1979 homo
627 1917 717 1979 miles
741 1928 806 1997 est,
833 1920 873 1980 ad
897 1919 1000 1979 socios
1024 1920 1256 2000 consociosque
1274 1921 1320 1980 in-

242 2045 370 2126 quisitio
395 2042 610 2106 extenditur.''
630 2047 657 2125 ²)

287 2172 382 2235 Unde
408 2182 493 2234 recte
517 2171 592 2233 mihi
616 2172 741 2234 videtur
753 2193 849 2252 posse
861 2171 966 2253 colligi
979 2183 1085 2235 aetate
1098 2174 1149 2236 illa
1162 2175 1192 2235 in
1207 2194 1319 2236 omnes

242 2297 388 2360 homines
412 2318 486 2359 vere
509 2299 712 2374 facinorosos,
726 2300 781 2379 qui
793 2299 920 2380 capitali
933 2299 1087 2381 supplicio
1100 2301 1188 2381 digni
1200 2312 1316 2377 essent,

243 2445 261 2484 a
293 2424 533 2504 magistratibus
562 2446 631 2486 esse
661 2427 864 2506 inquisitum;
895 2447 994 2507 quare
1019 2447 1082 2487 non
1106 2427 1216 2507 injuria
1240 2429 1317 2490 Ter-

166 2588 169 2593 ·
242 2549 391 2612 tullianus
415 2549 586 2613 inferebat:
611 2552 709 2633 „quid
723 2553 927 2633 temetipsam
941 2574 1075 2614 censura
1087 2554 1318 2617 circumvenis?

241 2675 274 2739 Si
296 2675 448 2752 damnas,
473 2697 529 2738 cur
553 2698 616 2737 non
641 2687 673 2739 et
697 2678 847 2758 inquiris?
872 2678 904 2739 Si
931 2699 995 2739 non
1019 2680 1149 2760 inquiris
1172 2701 1228 2742 cur
1253 2702 1314 2742 non
1376 2736 1380 2741 .

241 2812 273 2864 et
305 2803 488 2865 absolvis''?
519 2841 561 2849 -
593 2803 721 2884 Trajani
745 2826 822 2892 vero
844 2816 952 2868 aetate
975 2828 1024 2868 res
1049 2808 1191 2869 nondum
1216 2810 1260 2872 ita
1283 2831 1317 2870 se

240 2929 391 2993 habebat.
1262 2925 1265 2929 ’

286 3056 349 3137 Qui
373 3059 511 3137 primum
535 3058 664 3138 quidem
689 3060 757 3139 ipse
780 3060 822 3121 ab
845 3061 932 3120 omni
945 3061 999 3122 tali
1012 3061 1216 3143 inquisitione
1227 3062 1314 3124 haud

242 3204 356 3264 parurn
387 3183 599 3260 abhorrebat,
629 3205 702 3245 cum
732 3186 867 3247 eandem
898 3197 931 3249 et
958 3186 1154 3249 delatoribus
1178 3188 1315 3250 multum

241 3310 346 3372 lavere
378 3311 592 3392 intellegeret,
623 3333 705 3392 quos
736 3323 859 3393 quanto
883 3314 957 3374 odio
981 3313 1129 3376 habuerit
1151 3336 1193 3375 ex
1218 3315 1316 3377 Pane-

239 3437 390 3520 gyrico³)
414 3437 503 3499 facile
526 3437 734 3519 intellegitur,
755 3449 787 3500 et
811 3440 941 3501 mininie
964 3441 1133 3521 ignoraret,
1158 3451 1315 3522 quantum

238 3564 281 3625 ab
315 3566 455 3646 antiquis
489 3564 722 3626 Romanorum»
749 3566 891 3626 moribus
921 3566 971 3627 illa
997 3566 1189 3645 judiciorum
1214 3569 1314 3630 forma

237 3690 408 3753 recederet.

286 3817 438 3891 Accedit,
474 3817 561 3897 quod
597 3853 640 3861 —-
676 3819 721 3880 uti
752 3841 793 3879 ex
826 3820 933 3881 multis
961 3818 1052 3881 Plinii
1074 3821 1115 3882 ad
1138 3822 1313 3902 Trajanum

191 4006 195 4012 ,
239 3943 381 4023 epistulis
416 3941 590 4028 efficiturt)
630 3981 668 3988 -
701 3944 853 4026 Bithynia
883 3948 1045 4027 provincia
1068 3948 1259 4011 factionibus
1282 3959 1314 4012 et

278 4153 294 4210 ¹)
314 4155 413 4217 Ulpian,
432 4157 509 4204 Libro
528 4157 577 4203 Vll
596 4159 627 4204 ‹u-
645 4157 735 4206 officio
754 4175 868 4222 procons.
888 4159 944 4219 llig.
967 4172 987 4223 1,
1009 4160 1045 4219 18,
1067 4171 1102 4221 13.

274 4218 292 4280 2)
312 4222 416 4273 'l'ertull
434 4224 510 4287 Apol,
528 4242 548 4273 e.
567 4237 589 4275 2¹
793 4224 812 4284 ³)
831 4227 889 4274 Pan.
908 4242 928 4275 e.
948 4240 986 4288 34.

275 4285 295 4347 ¹¹)
313 4287 355 4337 clr.
373 4290 402 4339 Τ,
421 4303 452 4351 33
470 4308 506 4353 sq.
525 4290 556 4337 68
566 4309 610 4354 sq,
620 4291 648 4338 81
661 4309 705 4355 sq„
719 4303 762 4353 115
773 4300 820 4340 ete.
831 4308 859 4338 ex
869 4293 960 4355 quibis·
971 4293 1123 4355 intellegitur
1131 4309 1207 4356 ipram
1218 4293 1311 4340 multae

239 4362 263 4401 et
283 4355 366 4402 variae
383 4358 471 4403 turbae
489 4358 513 4403 in
532 4358 660 4420 provincia
677 4358 774 4409 luerint.
