3114 5130
755 484 796 562 98

238 662 373 743 quiritis)
396 666 588 728 extenditur.
613 665 725 729 Solum
750 667 964 730 Christianum
992 667 1121 747 inquiri
1140 689 1202 729 non
1223 669 1313 741 licet,

238 789 355 870 offerri
387 792 476 867 licet,
512 795 602 874 quasi
637 794 721 855 aliud
756 804 840 856 esset
875 806 985 856 actura
1017 794 1188 875 inquisitio
1216 816 1313 876 quam

239 917 388 979 oblatio.”
456 905 457 908 Ἴ

284 1047 412 1127 „Erg0,
449 1049 567 1128 inquit,
600 1069 683 1129 quae
714 1049 810 1110 hodie
841 1051 872 1111 in
904 1051 1056 1131 epistula,
1081 1071 1164 1131 quae
1185 1050 1313 1130 Trajani

239 1172 353 1253 fertur,
388 1174 539 1253 legimuS,
577 1196 639 1235 non
671 1186 745 1238 sunt
777 1177 874 1257 ipsius
907 1177 1035 1257 Trajani
1058 1178 1156 1239 verba
1180 1177 1236 1238 sed
1260 1178 1315 1239 fal-

240 1301 321 1361 sarii.
347 1301 500 1376 Accedit,
521 1302 609 1382 quod
630 1303 660 1363 in
685 1304 820 1383 epistula
844 1304 987 1366 additur:
1012 1305 1078 1382 „ita
1102 1313 1210 1366 tamen
1230 1304 1313 1366 etc.''

240 1447 324 1506 quae
340 1427 438 1487 verba
455 1428 540 1509 apud
556 1428 788 1490 Tertullianum
802 1450 866 1490 non
880 1432 1098 1501 inveniuntur:
1112 1430 1192 1493 haec
1204 1440 1312 1493 autem

239 1555 453 1617 Tertullianus
476 1556 619 1637 proiecto
643 1578 706 1618 non
730 1558 921 1619 omisisset.''

285 1682 375 1743 Haec
406 1684 453 1743 vir
475 1683 687 1744 doctissimus
713 1683 800 1766 Quid
824 1686 851 1745 ei
875 1686 1155 1766 respondendum?
1179 1686 1317 1749 Videtur

243 1809 381 1888 Ussingii
404 1800 641 1888 argumentatio
662 1811 740 1872 falso
752 1811 961 1875 fundamento
974 1813 1072 1875 inniti.
1086 1794 1216 1875 Etenim
1231 1813 1315 1874 unde

239 1936 341 1998 effecit
364 1938 485 2017 Ussing
509 1938 741 2000 Tertullianum
765 1939 892 2018 Trajani
905 1959 1094 2020 responsum
1108 1938 1313 2022 „ipsissimis”

239 2063 343 2124 verbis
363 2065 528 2125 attulisse?
554 2064 642 2126 Plinii
667 2066 836 2146 epistulam
860 2078 945 2128 certe
969 2067 1009 2128 ad
1030 2068 1166 2128 verbum
1187 2087 1246 2127 noo
1266 2076 1314 2128 at-

240 2190 327 2267 tulit,
352 2193 396 2253 ita
421 2203 456 2254 ut
481 2213 544 2254 non
568 2194 677 2274 paucis
701 2215 765 2272 „ex
787 2192 972 2275 tempore'’,
999 2195 1017 2255 i.
1032 2215 1059 2255 e.
1085 2215 1147 2255 non
1172 2193 1315 2256 adhibito

238 2318 336 2395 libro,
358 2319 446 2380 Plinii
470 2320 567 2381 verba
591 2322 705 2382 citasse
728 2321 874 2381 videatur
908 2320 1022 2402 Quod,
1046 2331 1157 2382 curet
1181 2322 1211 2381 in
1236 2321 1314 2382 Tra-

235 2447 302 2528 jani
334 2450 469 2529 epistula
500 2449 601 2510 iacere
634 2471 696 2511 non
727 2451 883 2530 potuerit,
916 2450 1082 2530 equidem,
1107 2450 1225 2523 fateor,
1251 2470 1315 2510 non

238 2574 399 2655 intellego

284 2703 421 2764 Accedit
457 2703 544 2783 quod
576 2703 807 2775 Tertullianus,
842 2725 905 2764 non
929 2705 972 2766 ita
997 2705 1105 2765 multis
1128 2705 1314 2784 interjectis,

240 2831 366 2912 saepius
401 2851 464 2892 non
500 2830 633 2891 verbum
671 2829 861 2909 inqm'rrndi
893 2833 943 2892 cui
974 2842 1065 2894 tanto
1097 2852 1195 2913 opere
1218 2833 1316 2893 instat

240 2960 426 3039 Ussingius,
463 2958 518 3019 sed
549 2956 740 3037 requirendi
768 2958 916 3037 adhibet,
948 2960 1047 3019 immo
1071 2960 1218 3040 proxime
1241 2967 1316 3038 post

240 3107 278 3146 ea
297 3106 381 3165 quae
401 3085 543 3147 laudavit
563 3086 749 3165 Ussingius:
771 3086 898 3164 „solum
912 3084 1127 3148 Christianum
1142 3133 1148 3146 .
1164 3135 1168 3148 .
1185 3133 1191 3151 .
1207 3135 1213 3146 .
1227 3085 1316 3146 obla-

240 3210 324 3294 tio”‚
360 3212 439 3274 haec
475 3222 667 3293 sequuntur:
705 3214 886 3290 „damnatis
918 3233 994 3291 ergo
1026 3213 1188 3287 oblatum,
1219 3232 1314 3293 quem

239 3359 334 3399 nemo
358 3339 459 3400 voluit
484 3339 695 3419 requisitum,
720 3342 791 3421 qui,
817 3351 908 3421 puto,
935 3361 996 3402 non
1022 3340 1092 3401 ideo
1112 3341 1316 3420 meruitpoe-

241 3487 315 3527 nam
348 3468 422 3546 quia
453 3487 570 3527 nocens
602 3479 665 3537 est,
699 3469 753 3528 sed
778 3469 852 3547 quia
878 3488 941 3527 non
965 3465 1182 3545 reqm'rendns
1206 3468 1315 3526 inven-

241 3604 293 3655 tus
316 3595 397 3655 est.''

287 3721 377 3782 Haec
400 3721 469 3783 luce
485 3721 598 3783 clarius
617 3722 760 3802 profecto
773 3723 962 3797 ostendunt,
985 3721 1071 3803 apud
1083 3720 1315 3783 Tertullianum

241 3847 346 3909 verbis
370 3848 427 3908 illis
462 3858 554 3909 tanto
578 3869 675 3928 opere
699 3849 883 3909 instandum
909 3869 971 3909 non
997 3868 1076 3908 esse.
1108 3849 1217 3928 Ipsum
1241 3865 1317 3907 vero

242 3974 369 4055 Trajani
394 3974 580 4056 epistulam,
606 3975 693 4055 quod
717 3976 757 4036 ad
782 3995 848 4036 rem
862 3984 986 4056 spectat
998 3976 1161 4035 verissime
1173 3974 1318 4035 retulisse

244 4123 283 4164 ne
306 4103 474 4180 Ussingins
498 4103 627 4183 quidem
653 4102 791 4181 negavit.
813 4099 843 4184 ¹)

280 4303 298 4358 ¹5
315 4305 382 4366 Quin
400 4310 487 4350 contra
505 4305 587 4366 potins
605 4302 729 4349 affirmare
749 4301 821 4348 licet:
840 4300 859 4346 si
877 4301 932 4362 quis
949 4300 1061 4347 l'alsmius
1081 4299 1258 4361 (saecul.XV),
1276 4297 1317 4360 qui

240 4386 360 4447 exemplis
375 4387 439 4431 bene
457 4383 540 4429 mullis
553 4381 706 4441 intellegitur
715 4380 803 4427 aetatis
812 4379 878 4426 illius
887 4379 1017 4425 historiam
1027 4385 1051 4424 et
1062 4378 1183 4442 instituto,
1192 4376 1319 4438 ipsiusque.
