3114 5130
734 494 768 537 11

260 658 303 721 2¹¹.
341 660 415 722 Non
440 664 545 723 minus
570 664 727 724 scribendi
751 684 869 744 genere
892 674 924 725 et
948 664 1128 725 elocutione
1150 661 1292 723 Pseudo-

213 786 357 867 Trajani,
382 810 478 869 quem
499 799 610 866 vocat,
632 791 802 852 offenditur
823 792 956 876 Ussing.¹
967 790 1037 850 Tali
1050 791 1133 850 enim
1146 790 1290 850 oratione

214 911 377 975 hominem
405 915 590 977 Romanum
615 917 696 978 illius
720 919 835 980 aetatis
859 918 909 979 vel
935 918 1135 978 mediocriter
1157 917 1291 978 instruc·

214 1051 284 1102 tum
311 1043 357 1103 uti
381 1044 524 1122 potuisse
548 1043 643 1124 plane
667 1054 775 1125 negat.
796 1044 823 1125 ¹)

261 1167 303 1247 3⁰.
326 1169 450 1250 Quodsi
463 1170 531 1231 libri
544 1156 764 1232 condicionem
778 1192 876 1252 quam
889 1181 984 1233 vocat
997 1171 1140 1233 criticam
1153 1179 1288 1251 spectes

212 1295 263 1356 vel
298 1296 371 1357 inde
406 1318 561 1377 apparere
592 1298 756 1360 contendit
792 1299 944 1379 epistulas
975 1298 1064 1359 Plinii
1096 1308 1128 1358 et
1160 1296 1289 1375 Trajani

213 1443 366 1503 responsa
389 1425 420 1484 in
444 1424 558 1485 eodem
581 1425 689 1486 codice
713 1434 840 1487 servata
864 1446 927 1486 non
952 1445 1031 1486 esse,
1045 1424 1070 1504 ⁷²)

256 1559 301 1629 4⁰.
326 1553 472 1614 Tandem
497 1574 534 1614 ea
554 1574 637 1634 quae
657 1552 743 1633 apud
763 1553 842 1614 alios
862 1554 1031 1634 scriptores
1045 1551 1290 1632 (Tertullianum

212 1678 301 1754 dico,
326 1678 504 1740 Eusebium
529 1677 688 1763 aliosque)
713 1679 754 1740 de
778 1680 921 1760 epistulis
933 1680 991 1740 illis
1004 1680 1154 1760 leguntur
1167 1678 1291 1739 elevare

212 1814 361 1880 conatur,
394 1805 556 1867 affirmans
587 1827 625 1867 ea
647 1807 678 1866 in
703 1806 790 1867 Plinii
812 1807 934 1868 litteras
959 1807 1090 1866 omnino
1115 1805 1290 1886 quadrare,

213 1952 276 1992 non
302 1953 377 1993 vero
402 1934 432 1993 in
456 1931 584 2012 Trajani
608 1934 769 2014 rescripta.

257 2059 403 2140 „Quare‚
439 2061 558 2140 inquit,
593 2081 765 2141 responsa,
799 2081 883 2140 quae
914 2061 974 2122 sub
1005 2060 1133 2140 Trajani
1165 2061 1293 2120 nomine

211 2188 307 2249 hodie
337 2190 615 2264 circumferuntur,
640 2191 823 2251 recentioris
847 2209 961 2250 manus
985 2209 1102 2270 operae
1124 2187 1291 2248 debentur.

213 2316 314 2397 Apud
344 2316 578 2377 Tertullianum
611 2317 732 2378 mentio
755 2316 838 2378 facta
863 2326 931 2379 erat
953 2336 1027 2376 cum
1051 2316 1091 2376 de
1116 2315 1202 2375 Plinii
1226 2315 1291 2395 epi-

212 2443 295 2504 stula
325 2454 394 2504 tum
426 2443 466 2504 de
497 2443 626 2523 Trajani
657 2445 828 2524 rescripto:
858 2464 957 2523 quare
987 2443 1212 2504 existimarunt
1235 2442 1293 2501 viri

211 2571 298 2633 docti
332 2591 485 2651 responsa
521 2570 596 2632 olim
631 2570 762 2651 singulis
798 2570 939 2651 epistulis
975 2569 1145 2649 subjuncta
1167 2569 1291 2641 luisse,

212 2708 394 2778 temporum
426 2718 503 2759 vero
534 2696 644 2778 injuria
668 2699 806 2778 periisse.
822 2745 829 2758 .
845 2748 872 2758 ..
898 2698 956 2759 Vir
979 2697 1138 2759 litteratus
1160 2695 1292 2776 quidam

211 2824 304 2905 (sorte
340 2824 465 2908 Gallus)
501 2826 584 2887 circa
621 2825 718 2886 finem
750 2825 865 2887 saeculi
902 2838 936 2902 15
970 2825 1096 2886 videtur
1126 2820 1290 2900 lacunam,

212 2972 310 3032 quam
341 2951 494 3031 putabat,
519 2952 658 3013 voluisse
678 2952 824 3032 explere,
846 2972 1064 3032 magnamque
1084 2951 1291 3032 epistularum

162 3164 166 3176 .
211 3088 336 3159 partem
368 3081 528 3159 responsis
555 3078 776 3141 instruxisse.’'
801 3079 865 3142 Cur
889 3099 952 3139 non
977 3079 1127 3140 omnibus
1151 3077 1293 3164 epistulis

211 3224 364 3284 responsa
396 3205 597 3284 subjunxerit
629 3207 775 3286 ignorare
804 3228 838 3266 se
862 3206 978 3267 latetur
1001 3206 1188 3285 Ussingius‚
1213 3205 1293 3266 sorte

211 3330 378 3392 crediderit
408 3332 470 3393 hoc
494 3334 563 3413 ipso
588 3332 741 3412 majorem
767 3332 862 3394 fidem
886 3332 1050 3394 fraudibus
1073 3333 1138 3392 suis
1161 3352 1195 3391 se
1218 3351 1294 3392 cou-

211 3458 402 3523 ciliaturum.
425 3457 451 3544 ³³)

255 3585 447 3666 Nuperrime
477 3587 608 3648 demum
640 3589 670 3648 in
703 3587 876 3650 Germania
906 3607 991 3648 anno
1027 3588 1107 3665 1887
1137 3586 1221 3647 edita
1245 3595 1294 3646 est

210 3715 442 3776 commentatio
472 3716 528 3775 viri
560 3715 735 3776 doctissimi
763 3735 860 3795 quem
888 3714 955 3793 jam
980 3715 1108 3795 saepius
1133 3713 1295 3774 nominavi

211 3839 248 3901 L.
274 3837 431 3902 Schaedel
446 3837 480 3924 ⁴).
506 3841 569 3922 Qui
594 3841 693 3919 hanc,
714 3842 755 3903 de
772 3863 853 3922 qua,
875 3862 933 3902 nos
954 3841 1175 3922 disputamus,
1197 3861 1295 3920 quae-

247 4128 266 4191 1)
285 4130 338 4177 ibid
366 4147 407 4194 pp,
429 4143 533 4192 19-23.

246 4209 268 4272 2)
289 4210 349 4257 ibid.
371 4227 394 4273 p.
414 4223 452 4272 23.

246 4289 267 4345 3)
288 4290 348 4339 ibid.
367 4307 390 4353 p.
410 4289 442 4336 26

245 4369 267 4432 ⁴)
290 4371 435 4432 l'rogranun
454 4370 497 4416 des
517 4370 637 4431 Gymnas.
656 4385 685 4416 zu
705 4370 851 4416 llarmstadt
881 4368 951 4430 1887.
