3114 5130
806 486 845 547 82

335 666 409 729 Non
441 671 544 750 magis
575 670 670 745 haec,
700 692 798 752 quam
823 693 967 760 eaquae
993 673 1207 753 praecedunt,
1233 673 1366 734 Puteani

290 795 399 856 oculos
422 796 582 876 fugerunt.

335 923 553 1003 Interrogasse
572 925 705 986 Plinium
726 925 921 988 Christianos
946 926 986 986 ad
1007 945 1041 985 se
1060 925 1200 998 delat05,
1220 934 1369 986 essentne

291 1069 365 1110 vere
395 1049 564 1112 Christiani
596 1051 657 1112 hoc
688 1051 817 1136 (mirum
829 1050 852 1135 l)
880 1072 943 1112 non
974 1053 1107 1112 miratur
1130 1051 1262 1131 Dupny.
1296 1050 1371 1110 Dis-

291 1175 386 1255 plicet
416 1187 526 1239 autem
555 1178 582 1238 ei
608 1199 671 1238 non
696 1188 822 1240 tantum
848 1179 881 1239 τὸ
905 1186 1102 1258 „praeeunte
1126 1175 1198 1236 me’'
1225 1177 1371 1253 „reserve‘

291 1321 357 1362 aux
387 1302 582 1362 ceremonies
612 1302 791 1364 osticielles''
811 1300 834 1386 ¹)
860 1340 898 1348 -
925 1303 980 1364 sed
1008 1302 1069 1363 hoc
1093 1303 1280 1382 praesertim
1304 1301 1370 1362 fieri

291 1429 434 1507 potuisse
461 1439 558 1509 negat
582 1431 645 1490 vd.
670 1440 706 1490 ut
730 1429 846 1491 Plinius
869 1429 1066 1491 Christianos
1090 1428 1251 1509 appellare
1273 1428 1368 1502 de05,

291 1555 499 1637 Caesarisque
530 1557 658 1636 imagini
692 1566 724 1617 et
755 1558 921 1617 numinum
951 1555 1125 1616 simulacris
1148 1565 1200 1616 tus
1224 1554 1368 1629 adolere,

291 1702 328 1743 ac
360 1682 490 1743 tandem
522 1682 649 1744 Christo
681 1683 763 1744 male
792 1683 896 1743 dicere
922 1682 1058 1762 juberet.
1095 1681 1223 1744 Etenim
1256 1680 1297 1758 „il
1321 1690 1370 1741 est

290 1807 414 1869 difficile
445 1808 654 1883 d'admettre,
687 1810 805 1890 inquit,
836 1829 900 1888 que
923 1809 1009 1870 Pline
1031 1810 1075 1870 ait
1098 1809 1219 1869 soumis
1243 1810 1261 1867 a
1284 1817 1369 1869 cette

291 1935 429 2014 epreuve
452 1955 552 2010 ceux,
577 1936 675 2014 qu'on
703 1936 844 1996 accusait
867 1935 907 1995 de
931 1935 1186 2009 Christianisme,
1211 1934 1259 1994 s’il
1283 1934 1369 1994 avait

207 2070 210 2076 “
291 2061 403 2139 ignore
425 2060 454 2120 le
477 2061 552 2122 fond
576 2066 681 2121 meme
705 2061 745 2121 de
768 2071 853 2122 cette
873 2061 1056 2122 accusation
1077 2070 1110 2122 et
1128 2059 1157 2120 le
1178 2058 1273 2120 motis
1287 2078 1369 2139 pour

291 2187 395 2267 lequel
426 2206 468 2247 on
494 2187 538 2247 les
562 2185 738 2267 punissait''
765 2207 869 2268 neque
893 2189 977 2248 enim
1002 2188 1031 2248 id
1056 2207 1132 2248 casu
1155 2186 1274 2247 factum
1299 2206 1369 2246 esse

291 2314 390 2375 credit
410 2334 513 2394 neque
533 2312 667 2374 Plinium
692 2315 721 2374 in
746 2314 898 2393 Bithynia
921 2336 939 2374 a
963 2313 1095 2374 concilio
1115 2333 1174 2374 suo
1194 2314 1224 2373 id
1244 2309 1382 2373 edoceri'

291 2442 443 2522 potuisse.

336 2569 445 2629 Verba
465 2588 557 2628 vero:
579 2578 765 2648 „praeterea
786 2568 1010 2629 maledicerent
1032 2565 1191 2642 Christ0,''
1204 2586 1288 2646 quae
1301 2565 1368 2644 Ha·

292 2704 418 2756 versaat
449 2715 579 2776 quoque
609 2694 826 2769 offenderunt,
851 2715 888 2754 ea
913 2692 1051 2778 (siquid
1076 2693 1220 2754 Puteano
1244 2692 1367 2775 credas)

292 2820 359 2880 sine
393 2820 492 2880 dubio
527 2819 717 2900 interpolata
751 2831 825 2880 sunt
858 2855 897 2864 -
929 2818 979 2880 vel
1011 2820 1118 2899 potius
1151 2839 1224 2880 cum
1248 2818 1368 2900 reliqua

292 2946 428 3026 epistula
459 2968 476 3007 a
507 2947 632 3022 falsario
662 2945 808 3008 conficta.
840 2946 885 3023 „ll
910 2967 990 3007 nous
1014 2950 1117 3027 parait
1141 2946 1269 3007 evident
1292 2945 1367 3030 (sic)

292 3070 368 3153 qu'il
393 3094 415 3151 y
438 3093 457 3133 a
481 3073 517 3134 ici
543 3094 604 3133 une
628 3072 761 3134 allusion
787 3075 805 3132 a
831 3092 893 3132 une
916 3084 1069 3134 coutume
1089 3072 1194 3151 juive‚
1220 3073 1299 3133 mais
1312 3093 1369 3134 ex·

293 3199 502 3261 clusivement
534 3200 621 3279 juive
655 3200 694 3260 de
729 3201 830 3260 renier
864 3199 893 3260 le
927 3200 1043 3260 Messie
1074 3209 1106 3260 et
1137 3199 1178 3260 de
1201 3199 1301 3260 lorcer
1323 3199 1368 3260 les

294 3326 459 3389 Chretiens
489 3328 507 3387 a
535 3326 563 3386 le
587 3328 688 3387 renier
711 3336 818 3387 toutes
843 3326 888 3387 les
911 3327 968 3387 fois
991 3323 1083 3406 qu'ils
1108 3326 1137 3386 le
1160 3323 1366 3406 pouvaient.''

294 3455 450 3515 Romanis
483 3475 558 3515 vero
590 3454 713 3534 legibus
737 3453 817 3515 haec
839 3473 942 3534 paene
965 3472 1162 3532 repugnasse
1186 3452 1367 3526 contendit,

295 3582 361 3642 illas
403 3583 486 3642 enim
522 3601 699 3661 numquam
734 3601 818 3661 quae
852 3578 1016 3640 sentienda
1053 3588 1159 3640 essent
1194 3578 1250 3639 sed
1284 3599 1368 3659 quae

294 3710 437 3789 agenda,
461 3729 545 3790 quae
568 3708 747 3769 omittenda
771 3706 980 3787 praecepisse.
1015 3703 1061 3782 „ll
1081 3707 1184 3784 parait
1203 3703 1286 3763 donc
1311 3704 1368 3763 im-

295 3834 434 3918 possible
457 3834 651 3896 d'admettre
674 3853 738 3915 que
762 3833 847 3894 Pline
866 3832 910 3893 ait
930 3831 1013 3892 viole
1026 3851 1066 3891 un
1080 3831 1221 3911 principe
1233 3830 1274 3889 de
1286 3829 1369 3890 droit

295 3964 380 4024 aussi
411 3982 516 4022 connu
541 3981 604 4041 que
627 3959 771 4034 celui-la,
797 3979 835 4018 en
859 3957 982 4036 sorcant
1006 3956 1050 4016 les
1073 3955 1204 4016 accuses
1227 3956 1246 4014 a
1269 3954 1370 4014 renier

332 4213 349 4271 ¹)
367 4214 440 4275 Quod
467 4213 544 4274 gratis
570 4211 686 4258 asseritur
712 4210 790 4272 gratis
807 4207 927 4271 negatur”
945 4215 1054 4255 ceterum
1073 4207 1116 4256 eir.
1134 4207 1246 4266 Georges
1264 4205 1289 4251 in
1309 4219 1369 4251 voce

295 4300 319 4339 et
337 4294 366 4341 T.
393 4306 466 4357 47‚3
493 4308 543 4355 quo
569 4292 625 4338 loco
643 4290 703 4351 legit
723 4289 811 4351 llardy
830 4292 895 4348 (curn
914 4286 1060 4351 apographo
1079 4285 1218 4333 Bodleiano
1235 4291 1260 4331 et
1278 4283 1370 4342 Aldol:

294 4373 349 4432 „Te
367 4389 429 4434 rogo
446 4380 473 4419 ut
491 4371 552 4418 mihi
564 4370 668 4433 praeire
685 4368 794 4430 digneris
810 4367 870 4430 quid
888 4382 928 4413 nie
945 4373 1017 4430 putes
1034 4366 1167 4413 ohservare
1184 4363 1301 4412 debere.’'
