3114 5130
748 485 809 546 104

237 655 403 717 novissent
437 665 469 716 et
500 676 629 717 summo
653 676 750 737 opere
775 657 1028 732 admirarentur,
1059 658 1131 737 quis
1154 677 1219 718 non
1242 676 1319 718 vero

237 780 432 842 simillimum
456 803 526 843 esse
549 783 723 859 concedat,
744 793 777 845 et
799 783 888 844 illum
911 785 966 863 qui
978 784 1154 865 „epistulas
1167 782 1319 845 mutuas’'

236 909 375 970 servavit
407 908 550 969 codicem
576 909 646 991 (aut
670 908 784 971 saltem
809 909 950 971 eiusdem
975 908 1251 995 „archetypum'’)
1273 912 1321 992 ip-

236 1054 345 1094 sorum
369 1055 487 1116 operae
510 1036 657 1117 curisque
679 1035 809 1097 deberi?
833 1037 881 1098 At
904 1036 937 1098 hi
960 1038 1035 1119 viri,
1055 1039 1110 1118 qui
1133 1036 1319 1101 Christianis

238 1181 301 1221 non
343 1162 448 1222 minus
486 1171 580 1224 erant
616 1161 727 1224 infensi
765 1184 863 1243 quam
899 1165 1103 1245 antiquarum
1140 1165 1316 1227 litterarum

237 1288 388 1365 studiosi,
420 1288 586 1369 quomodo
618 1288 763 1350 fraudem
799 1310 862 1350 non
897 1291 1070 1353 sensissent
1102 1310 1207 1370 neque
1238 1310 1317 1351 mox

237 1452 279 1459 -
304 1417 329 1476 si
360 1416 410 1477 vel
442 1436 524 1477 unus
555 1415 634 1477 alius
657 1415 801 1478 lectionis
826 1417 916 1479 testis
939 1417 1116 1479 exstitisset
1139 1453 1182 1462 —-
1206 1437 1316 1479 veram

238 1541 325 1603 Plinii
363 1563 496 1604 manum
531 1543 764 1605 restituissent?
796 1544 885 1620 „Ae
917 1544 1019 1624 inquit
1042 1544 1245 1605 acutissimus
1267 1542 1318 1604 ille

238 1668 418 1748 Puteanus,
443 1669 514 1749 quis
538 1669 597 1730 scit
620 1689 660 1730 an
685 1668 765 1731 forte
789 1669 887 1730 editio
911 1668 983 1731 talis
1002 1667 1173 1750 „pagana”
1197 1670 1238 1731 ad
1259 1691 1317 1731 nos

237 1797 279 1857 sit
315 1806 509 1877 perventura
519 1792 551 1856 ?'’
572 1795 600 1877 ¹)
633 1795 832 1858 Praeclarum
864 1795 926 1858 hoc
949 1818 1019 1858 esse
1042 1797 1237 1859 subtilissimi
1260 1797 1317 1858 viri

236 1923 404 1983 inventum
441 1920 524 1983 ultro
559 1922 718 1998 conced0;
750 1924 853 1984 donec
877 1932 988 1985 tamen
1012 1924 1225 1985 eruditissimo
1248 1924 1315 1984 viro

238 2049 360 2134 ἕρμαιον
381 2048 444 2110 tale
465 2049 647 2129 contigerit,
669 2049 794 2111 interim
814 2049 1001 2112 hodiernam
1019 2049 1188 2113 lectionem
1207 2068 1315 2112 veram

236 2177 457 2257 sinceramque
480 2196 550 2237 esse
576 2175 800 2237 defendamus!

282 2302 410 2383 Trajani
436 2303 624 2384 rescriptum
643 2323 742 2383 quam
755 2303 796 2365 sit
815 2304 955 2384 graviter
967 2313 1066 2384 atque
1078 2304 1193 2367 acerbe
1206 2324 1225 2364 a
1238 2304 1316 2365 Ter-

237 2431 369 2494 tulliano
393 2429 621 2511 reprehensum
643 2448 737 2490 nemo
749 2429 893 2509 ignorat:
907 2430 960 2506 „0
972 2431 1181 2505 sententiam,
1203 2431 1314 2511 inquit,

237 2559 426 2621 necessitate
448 2556 629 2618 confusam!
655 2555 764 2636 Negat
787 2556 992 2636 inquirendos
1017 2566 1052 2618 ut
1076 2557 1261 2619 innocentes
1283 2567 1316 2619 et

237 2686 370 2748 mandat
400 2683 580 2765 puniendos
614 2691 649 2745 ut
676 2692 837 2744 nocentes.
852 2680 879 2766 νὲ)
903 2684 1007 2745 Parcit
1027 2693 1059 2745 et
1082 2685 1200 2760 saevit,
1226 2684 1316 2745 dissi-

238 2812 339 2873 mulat
362 2820 395 2873 et
418 2809 663 2871 animadvertit.
681 2859 684 2864 ⁴
703 2857 709 2870 .
755 2807 789 2871 Si
812 2809 947 2871 damnas
972 2830 1028 2872 cur
1041 2832 1104 2872 non
1117 2821 1150 2873 et
1162 2812 1312 2892 inquiris?

237 2937 269 3000 Si
295 2958 358 2998 non
382 2937 512 3017 inquiris
536 2957 592 2996 cur
616 2956 679 2996 non
704 2946 736 2998 et
759 2935 922 2998 absolvis?
945 2937 1117 3000 Damnatis
1137 2959 1214 3020 ergo
1227 2939 1317 3000 obla--

237 3076 306 3128 tum
330 3084 428 3144 quem
459 3083 553 3124 nemo
577 3062 679 3125 voluit
709 3064 897 3144 requisitum
907 3086 913 3141 ;
947 3065 1018 3145 qui,
1043 3076 1140 3146 putu,
1160 3065 1227 3146 jam
1253 3087 1315 3127 non

237 3193 308 3254 ideo
333 3191 448 3253 meruit
472 3210 611 3271 poenam
636 3191 711 3270 quia
735 3211 852 3253 nocens
876 3202 942 3269 est,
967 3193 1023 3254 sed
1047 3194 1123 3274 quia
1136 3214 1199 3256 non
1212 3195 1316 3276 requi-

237 3320 354 3381 rendus
378 3319 528 3380 iuventus
550 3315 630 3380 est.’'
644 3317 669 3399 ³)

282 3448 332 3509 At
356 3446 521 3507 recentiori
540 3454 646 3506 aetate
660 3444 801 3506 nonnulli
813 3447 869 3507 viri
882 3447 968 3509 docti
981 3446 1124 3524 suerunt,
1139 3451 1194 3528 qui
1207 3450 1316 3531 Traja-

238 3594 314 3635 num
337 3595 355 3633 a
374 3571 561 3634 Tertulliani
582 3572 732 3633 conviciis
752 3572 986 3634 defendendum
1003 3595 1072 3635 esse
1085 3576 1314 3640 existimarent.

281 3700 434 3774 Vossiu5‚
465 3697 580 3760 adlatis
615 3699 800 3762 Tertulliani
825 3700 947 3762 verbis:
971 3701 1171 3782 „Equidem
1196 3703 1315 3783 inquit,

239 3826 337 3888 nolim
366 3824 494 3904 Trajani
526 3845 657 3886 causam
691 3846 786 3905 agere
816 3826 969 3888 adversus
996 3827 1194 3891 Christianos
1218 3850 1315 3911 quam

274 4115 290 4175 ¹l
313 4117 403 4179 llupuy
421 4117 446 4167 ll.
466 4134 489 4180 p.
511 4127 564 4178 195.

272 4194 291 4255 ²)
311 4196 353 4246 eir,
378 4195 522 4255 „Convenit
541 4195 608 4242 bono
627 4202 651 4242 et
669 4197 738 4255 gravi
757 4198 864 4260 praesidi
883 4213 969 4246 curare
987 4208 1013 4246 ut
1032 4210 1121 4262 pacata
1139 4208 1214 4264 atque
1232 4202 1316 4265 quieta

240 4276 367 4338 pruvincia
385 4277 415 4322 sit
435 4284 459 4322 et
477 4275 542 4321 debu
561 4274 638 4321 nuilus
656 4275 767 4323 lwrm'ues
783 4276 952 4339 (aliquirerest’

274 4353 293 4414 ³)
310 4355 414 4405 'l'ertull
434 4355 508 4417 Apol.
528 4369 548 4403 c.
560 4365 590 4403 ¹2.
