<?xml version="1.0" encoding="UTF-8"?>
<!DOCTYPE html PUBLIC "-//W3C//DTD XHTML 1.0 Transitional//EN"
    "http://www.w3.org/TR/xhtml1/DTD/xhtml1-transitional.dtd">
<html xmlns="http://www.w3.org/1999/xhtml" xml:lang="en" lang="en">
 <head>
  <title>
</title>
<meta http-equiv="Content-Type" content="text/html;charset=utf-8" />
  <meta name='ocr-system' content='tesseract 3.04.00' />
  <meta name='ocr-capabilities' content='ocr_page ocr_carea ocr_par ocr_line ocrx_word'/>
</head>
<body>
  <div class='ocr_page' id='page_1' title='image "./decpliniicaecil00plingoog_0130.png"; bbox 0 0 3114 5130; ppageno 0'>
   <div class='ocr_carea' id='block_1_1' title="bbox 758 524 817 589">
    <p class='ocr_par' dir='ltr' id='par_1_1' title="bbox 758 524 817 589">
     <span class='ocr_line' id='line_1_1' title="bbox 758 524 817 589; baseline 0.034 -18"><span class='ocrx_word' id='word_1_1' title='bbox 758 524 817 589; x_wconf 88' lang='lat'>117</span> 
     </span>
    </p>
   </div>
   <div class='ocr_carea' id='block_1_2' title="bbox 239 694 1318 778">
    <p class='ocr_par' dir='ltr' id='par_1_2' title="bbox 239 694 1318 778">
     <span class='ocr_line' id='line_1_2' title="bbox 239 694 1318 778; baseline -0.005 -19"><span class='ocrx_word' id='word_1_2' title='bbox 239 709 271 761; x_wconf 90' lang='lat' dir='ltr'>et</span> <span class='ocrx_word' id='word_1_3' title='bbox 295 699 336 759; x_wconf 91' lang='lat' dir='ltr'>ab</span> <span class='ocrx_word' id='word_1_4' title='bbox 361 696 510 757; x_wconf 91' lang='lat' dir='ltr'>omnibus</span> <span class='ocrx_word' id='word_1_5' title='bbox 534 696 601 757; x_wconf 88' lang='lat' dir='ltr'>aliis</span> <span class='ocrx_word' id='word_1_6' title='bbox 624 697 709 758; x_wconf 89' lang='lat' dir='ltr'>libris</span> <span class='ocrx_word' id='word_1_7' title='bbox 734 699 970 773; x_wconf 78' lang='lat' dir='ltr'>diversitatem,</span> <span class='ocrx_word' id='word_1_8' title='bbox 988 698 1010 778; x_wconf 85' lang='lat'>¹)</span> <span class='ocrx_word' id='word_1_9' title='bbox 1036 697 1150 776; x_wconf 90' lang='lat' dir='ltr'>Hardy</span> <span class='ocrx_word' id='word_1_10' title='bbox 1170 717 1204 757; x_wconf 90' lang='lat' dir='ltr'>se</span> <span class='ocrx_word' id='word_1_11' title='bbox 1217 694 1318 775; x_wconf 80' lang='lat' dir='ltr'>expli-</span> 
     </span>
    </p>
   </div>
   <div class='ocr_carea' id='block_1_3' title="bbox 190 822 1320 3817">
    <p class='ocr_par' dir='ltr' id='par_1_3' title="bbox 237 822 1320 2175">
     <span class='ocr_line' id='line_1_3' title="bbox 238 822 1316 904; baseline -0.003 -19"><span class='ocrx_word' id='word_1_12' title='bbox 238 845 309 885; x_wconf 92' lang='lat' dir='ltr'>care</span> <span class='ocrx_word' id='word_1_13' title='bbox 334 844 397 884; x_wconf 90' lang='lat' dir='ltr'>non</span> <span class='ocrx_word' id='word_1_14' title='bbox 421 843 516 904; x_wconf 89' lang='lat' dir='ltr'>posse</span> <span class='ocrx_word' id='word_1_15' title='bbox 538 823 727 886; x_wconf 82' lang='lat' dir='ltr'>confitetur:</span> <span class='ocrx_word' id='word_1_16' title='bbox 754 826 789 901; x_wconf 79' lang='lat'>„1</span> <span class='ocrx_word' id='word_1_17' title='bbox 809 824 851 884; x_wconf 88' lang='lat' dir='ltr'>do</span> <span class='ocrx_word' id='word_1_18' title='bbox 877 835 933 886; x_wconf 90' lang='lat' dir='ltr'>not</span> <span class='ocrx_word' id='word_1_19' title='bbox 953 834 1093 904; x_wconf 79' lang='lat' dir='ltr'>attempt</span> <span class='ocrx_word' id='word_1_20' title='bbox 1106 823 1190 896; x_wconf 88' lang='lat' dir='ltr'>here,</span> <span class='ocrx_word' id='word_1_21' title='bbox 1205 822 1316 902; x_wconf 82' lang='lat' dir='ltr'>inquit,</span> 
     </span>
     <span class='ocr_line' id='line_1_4' title="bbox 237 946 1317 1029; baseline -0.003 -18"><span class='ocrx_word' id='word_1_22' title='bbox 237 959 272 1011; x_wconf 91' lang='lat' dir='ltr'>to</span> <span class='ocrx_word' id='word_1_23' title='bbox 306 950 394 1010; x_wconf 85' lang='lat' dir='ltr'>solve</span> <span class='ocrx_word' id='word_1_24' title='bbox 429 947 484 1009; x_wconf 90' lang='lat' dir='ltr'>the</span> <span class='ocrx_word' id='word_1_25' title='bbox 515 949 678 1029; x_wconf 89' lang='lat' dir='ltr'>problems</span> <span class='ocrx_word' id='word_1_26' title='bbox 710 950 811 1010; x_wconf 80' lang='lat' dir='ltr'>raised</span> <span class='ocrx_word' id='word_1_27' title='bbox 835 951 881 1029; x_wconf 93' lang='lat' dir='ltr'>by</span> <span class='ocrx_word' id='word_1_28' title='bbox 905 949 995 1012; x_wconf 89' lang='lat' dir='ltr'>these</span> <span class='ocrx_word' id='word_1_29' title='bbox 1019 946 1268 1010; x_wconf 80' lang='lat' dir='ltr'>co&#39;iucidences.”</span> <span class='ocrx_word' id='word_1_30' title='bbox 1291 947 1317 1027; x_wconf 61' lang='lat'>²)</span> 
     </span>
     <span class='ocr_line' id='line_1_5' title="bbox 238 1075 1316 1157; baseline -0.004 -20"><span class='ocrx_word' id='word_1_31' title='bbox 238 1078 310 1137; x_wconf 90' lang='lat' dir='ltr'>Hoc</span> <span class='ocrx_word' id='word_1_32' title='bbox 341 1078 514 1138; x_wconf 82' lang='lat' dir='ltr'>rectissime</span> <span class='ocrx_word' id='word_1_33' title='bbox 546 1078 658 1139; x_wconf 89' lang='lat' dir='ltr'>statuit</span> <span class='ocrx_word' id='word_1_34' title='bbox 680 1076 880 1138; x_wconf 87' lang='lat' dir='ltr'>Catanaeum</span> <span class='ocrx_word' id='word_1_35' title='bbox 906 1097 1010 1157; x_wconf 91' lang='lat' dir='ltr'>neque</span> <span class='ocrx_word' id='word_1_36' title='bbox 1033 1076 1149 1136; x_wconf 88' lang='lat' dir='ltr'>vidisse</span> <span class='ocrx_word' id='word_1_37' title='bbox 1173 1075 1316 1136; x_wconf 89' lang='lat' dir='ltr'>codicem</span> 
     </span>
     <span class='ocr_line' id='line_1_6' title="bbox 237 1203 1318 1285; baseline -0.005 -20"><span class='ocrx_word' id='word_1_38' title='bbox 237 1206 430 1280; x_wconf 88' lang='lat' dir='ltr'>Parisinum,</span> <span class='ocrx_word' id='word_1_39' title='bbox 456 1214 558 1284; x_wconf 88' lang='lat' dir='ltr'>&#39;neque</span> <span class='ocrx_word' id='word_1_40' title='bbox 582 1205 717 1283; x_wconf 89' lang='lat' dir='ltr'>Jucundi</span> <span class='ocrx_word' id='word_1_41' title='bbox 738 1203 981 1285; x_wconf 78' lang='lat' dir='ltr'>apographum,</span> <span class='ocrx_word' id='word_1_42' title='bbox 1000 1205 1119 1284; x_wconf 86' lang='lat' dir='ltr'>quippe</span> <span class='ocrx_word' id='word_1_43' title='bbox 1131 1221 1231 1283; x_wconf 93' lang='lat' dir='ltr'>quum</span> <span class='ocrx_word' id='word_1_44' title='bbox 1245 1221 1318 1282; x_wconf 89' lang='lat' dir='ltr'>pro-</span> 
     </span>
     <span class='ocr_line' id='line_1_7' title="bbox 239 1328 1317 1408; baseline -0.006 -16"><span class='ocrx_word' id='word_1_45' title='bbox 239 1331 322 1392; x_wconf 88' lang='lat' dir='ltr'>fecto</span> <span class='ocrx_word' id='word_1_46' title='bbox 353 1343 430 1393; x_wconf 89' lang='lat' dir='ltr'>tunc</span> <span class='ocrx_word' id='word_1_47' title='bbox 465 1331 532 1392; x_wconf 90' lang='lat' dir='ltr'>illas</span> <span class='ocrx_word' id='word_1_48' title='bbox 566 1331 686 1392; x_wconf 83' lang='lat' dir='ltr'>litteras</span> <span class='ocrx_word' id='word_1_49' title='bbox 710 1332 839 1393; x_wconf 89' lang='lat' dir='ltr'>editioni</span> <span class='ocrx_word' id='word_1_50' title='bbox 854 1352 940 1401; x_wconf 61' lang='lat' dir='ltr'>,suae</span> <span class='ocrx_word' id='word_1_51' title='bbox 963 1331 1154 1403; x_wconf 83' lang='lat' dir='ltr'>addidisset,</span> <span class='ocrx_word' id='word_1_52' title='bbox 1179 1347 1262 1408; x_wconf 88' lang='lat' dir='ltr'>quae</span> <span class='ocrx_word' id='word_1_53' title='bbox 1287 1328 1317 1386; x_wconf 89' lang='lat' dir='ltr'>in</span> 
     </span>
     <span class='ocr_line' id='line_1_8' title="bbox 239 1454 1319 1539; baseline -0.006 -19"><span class='ocrx_word' id='word_1_54' title='bbox 239 1470 375 1539; x_wconf 91' lang='lat' dir='ltr'>utroque</span> <span class='ocrx_word' id='word_1_55' title='bbox 406 1459 457 1520; x_wconf 91' lang='lat' dir='ltr'>illo</span> <span class='ocrx_word' id='word_1_56' title='bbox 488 1458 694 1539; x_wconf 67' lang='lat' dir='ltr'>legebantur,</span> <span class='ocrx_word' id='word_1_57' title='bbox 728 1459 802 1519; x_wconf 89' lang='lat' dir='ltr'>alibi</span> <span class='ocrx_word' id='word_1_58' title='bbox 825 1479 901 1519; x_wconf 88' lang='lat' dir='ltr'>vero</span> <span class='ocrx_word' id='word_1_59' title='bbox 925 1459 1062 1518; x_wconf 87' lang='lat' dir='ltr'>omissae</span> <span class='ocrx_word' id='word_1_60' title='bbox 1085 1466 1184 1517; x_wconf 84' lang='lat' dir='ltr'>erant.</span> <span class='ocrx_word' id='word_1_61' title='bbox 1209 1454 1319 1535; x_wconf 85' lang='lat' dir='ltr'>Suspi-</span> 
     </span>
     <span class='ocr_line' id='line_1_9' title="bbox 239 1582 1318 1666; baseline -0.006 -19"><span class='ocrx_word' id='word_1_62' title='bbox 239 1596 330 1647; x_wconf 84' lang='lat' dir='ltr'>catur</span> <span class='ocrx_word' id='word_1_63' title='bbox 361 1606 439 1665; x_wconf 81' lang='lat' dir='ltr'>ergo</span> <span class='ocrx_word' id='word_1_64' title='bbox 468 1586 582 1665; x_wconf 90' lang='lat' dir='ltr'>Hardy</span> <span class='ocrx_word' id='word_1_65' title='bbox 606 1585 672 1646; x_wconf 83' lang='lat' dir='ltr'>fieri</span> <span class='ocrx_word' id='word_1_66' title='bbox 691 1585 777 1663; x_wconf 14' lang='lat' dir='ltr'>nforte</span> <span class='ocrx_word' id='word_1_67' title='bbox 800 1587 959 1666; x_wconf 82' lang='lat' dir='ltr'>potuisse,</span> <span class='ocrx_word' id='word_1_68' title='bbox 986 1595 1020 1645; x_wconf 94' lang='lat' dir='ltr'>ut</span> <span class='ocrx_word' id='word_1_69' title='bbox 1044 1584 1105 1645; x_wconf 90' lang='lat' dir='ltr'>hae</span> <span class='ocrx_word' id='word_1_70' title='bbox 1127 1593 1233 1643; x_wconf 87' lang='lat' dir='ltr'>essent</span> <span class='ocrx_word' id='word_1_71' title='bbox 1257 1582 1318 1642; x_wconf 92' lang='lat' dir='ltr'>lec-</span> 
     </span>
     <span class='ocr_line' id='line_1_10' title="bbox 238 1707 1318 1793; baseline -0.003 -21"><span class='ocrx_word' id='word_1_72' title='bbox 238 1712 340 1772; x_wconf 84' lang='lat' dir='ltr'>tiones</span> <span class='ocrx_word' id='word_1_73' title='bbox 366 1711 483 1772; x_wconf 90' lang='lat' dir='ltr'>codicis</span> <span class='ocrx_word' id='word_1_74' title='bbox 507 1711 636 1771; x_wconf 87' lang='lat' dir='ltr'>Parisini</span> <span class='ocrx_word' id='word_1_75' title='bbox 650 1707 675 1793; x_wconf 78' lang='lat'>²³)</span> <span class='ocrx_word' id='word_1_76' title='bbox 700 1731 743 1771; x_wconf 85' lang='lat' dir='ltr'>ex</span> <span class='ocrx_word' id='word_1_77' title='bbox 763 1712 901 1772; x_wconf 86' lang='lat' dir='ltr'>Leandri</span> <span class='ocrx_word' id='word_1_78' title='bbox 921 1710 1110 1792; x_wconf 85' lang='lat' dir='ltr'>apographo</span> <span class='ocrx_word' id='word_1_79' title='bbox 1122 1731 1140 1770; x_wconf 88' lang='lat' dir='ltr'>a</span> <span class='ocrx_word' id='word_1_80' title='bbox 1154 1710 1318 1772; x_wconf 86' lang='lat' dir='ltr'>Catanaeo</span> 
     </span>
     <span class='ocr_line' id='line_1_11' title="bbox 238 1832 1319 1921; baseline -0.004 -21"><span class='ocrx_word' id='word_1_81' title='bbox 238 1851 395 1921; x_wconf 86' lang='lat' dir='ltr'>receptae.</span> <span class='ocrx_word' id='word_1_82' title='bbox 422 1841 541 1900; x_wconf 87' lang='lat' dir='ltr'>Mirum</span> <span class='ocrx_word' id='word_1_83' title='bbox 567 1832 683 1900; x_wconf 30' lang='lat' dir='ltr'>tamen*</span> <span class='ocrx_word' id='word_1_84' title='bbox 695 1839 754 1899; x_wconf 89' lang='lat' dir='ltr'>sibi</span> <span class='ocrx_word' id='word_1_85' title='bbox 766 1840 866 1899; x_wconf 89' lang='lat' dir='ltr'>videri</span> <span class='ocrx_word' id='word_1_86' title='bbox 880 1839 1010 1913; x_wconf 85' lang='lat' dir='ltr'>latetur,</span> <span class='ocrx_word' id='word_1_87' title='bbox 1025 1838 1155 1898; x_wconf 92' lang='lat' dir='ltr'>easdem</span> <span class='ocrx_word' id='word_1_88' title='bbox 1168 1837 1319 1897; x_wconf 89' lang='lat' dir='ltr'>lectiones</span> 
     </span>
     <span class='ocr_line' id='line_1_12' title="bbox 239 1964 1320 2046; baseline -0.006 -18"><span class='ocrx_word' id='word_1_89' title='bbox 239 1969 280 2029; x_wconf 88' lang='lat' dir='ltr'>ab</span> <span class='ocrx_word' id='word_1_90' title='bbox 306 1967 394 2028; x_wconf 86' lang='lat' dir='ltr'>Aldo</span> <span class='ocrx_word' id='word_1_91' title='bbox 419 1987 489 2027; x_wconf 91' lang='lat' dir='ltr'>esse</span> <span class='ocrx_word' id='word_1_92' title='bbox 513 1965 645 2046; x_wconf 87' lang='lat' dir='ltr'>rejectas</span> <span class='ocrx_word' id='word_1_93' title='bbox 670 1986 774 2045; x_wconf 92' lang='lat' dir='ltr'>neque</span> <span class='ocrx_word' id='word_1_94' title='bbox 798 1965 840 2025; x_wconf 91' lang='lat' dir='ltr'>ab</span> <span class='ocrx_word' id='word_1_95' title='bbox 863 1965 932 2045; x_wconf 87' lang='lat' dir='ltr'>ipso</span> <span class='ocrx_word' id='word_1_96' title='bbox 953 1964 1118 2026; x_wconf 89' lang='lat' dir='ltr'>Catanaeo</span> <span class='ocrx_word' id='word_1_97' title='bbox 1131 1965 1161 2024; x_wconf 91' lang='lat' dir='ltr'>in</span> <span class='ocrx_word' id='word_1_98' title='bbox 1174 1965 1320 2043; x_wconf 85' lang='lat' dir='ltr'>sequenti</span> 
     </span>
     <span class='ocr_line' id='line_1_13' title="bbox 239 2071 973 2175; baseline -0.003 -22"><span class='ocrx_word' id='word_1_99' title='bbox 239 2094 377 2154; x_wconf 85' lang='lat' dir='ltr'>editione</span> <span class='ocrx_word' id='word_1_100' title='bbox 402 2073 471 2154; x_wconf 88' lang='lat' dir='ltr'>esse</span> <span class='ocrx_word' id='word_1_101' title='bbox 495 2102 648 2154; x_wconf 79' lang='lat' dir='ltr'>servatas,</span> <span class='ocrx_word' id='word_1_102' title='bbox 667 2089 697 2175; x_wconf 77' lang='lat' dir='ltr'>l¹)</span> <span class='ocrx_word' id='word_1_103' title='bbox 970 2071 973 2076; x_wconf 31' lang='lat'>¹</span> 
     </span>
    </p>

    <p class='ocr_par' dir='ltr' id='par_1_4' title="bbox 190 2216 1318 2425">
     <span class='ocr_line' id='line_1_14' title="bbox 238 2216 1318 2298; baseline -0.003 -19"><span class='ocrx_word' id='word_1_104' title='bbox 238 2237 247 2240; x_wconf 82' lang='grc'>’·</span> <span class='ocrx_word' id='word_1_105' title='bbox 285 2220 334 2281; x_wconf 85' lang='lat' dir='ltr'>At</span> <span class='ocrx_word' id='word_1_106' title='bbox 366 2217 452 2280; x_wconf 92' lang='lat' dir='ltr'>haud</span> <span class='ocrx_word' id='word_1_107' title='bbox 484 2220 549 2279; x_wconf 91' lang='lat' dir='ltr'>scio</span> <span class='ocrx_word' id='word_1_108' title='bbox 581 2240 621 2279; x_wconf 86' lang='lat' dir='ltr'>an</span> <span class='ocrx_word' id='word_1_109' title='bbox 653 2228 720 2278; x_wconf 86' lang='lat' dir='ltr'>tam</span> <span class='ocrx_word' id='word_1_110' title='bbox 746 2219 853 2298; x_wconf 87' lang='lat' dir='ltr'>spissis</span> <span class='ocrx_word' id='word_1_111' title='bbox 877 2218 1017 2279; x_wconf 88' lang='lat' dir='ltr'>tenebris</span> <span class='ocrx_word' id='word_1_112' title='bbox 1040 2217 1179 2297; x_wconf 89' lang='lat' dir='ltr'>aliquam</span> <span class='ocrx_word' id='word_1_113' title='bbox 1204 2216 1318 2277; x_wconf 88' lang='lat' dir='ltr'>saltem</span> 
     </span>
     <span class='ocr_line' id='line_1_15' title="bbox 190 2345 630 2425; baseline 0 -20"><span class='ocrx_word' id='word_1_114' title='bbox 190 2352 192 2357; x_wconf 87' lang='lat'>&#39;</span> <span class='ocrx_word' id='word_1_115' title='bbox 239 2345 342 2405; x_wconf 91' lang='lat' dir='ltr'>lucem</span> <span class='ocrx_word' id='word_1_116' title='bbox 367 2345 477 2405; x_wconf 78' lang='lat' dir='ltr'>afferre</span> <span class='ocrx_word' id='word_1_117' title='bbox 501 2346 630 2425; x_wconf 89' lang='lat' dir='ltr'>possim.</span> 
     </span>
    </p>

    <p class='ocr_par' dir='ltr' id='par_1_5' title="bbox 240 2470 1318 2803">
     <span class='ocr_line' id='line_1_16' title="bbox 286 2470 1316 2552; baseline -0.005 -19"><span class='ocrx_word' id='word_1_118' title='bbox 286 2471 318 2533; x_wconf 86' lang='lat' dir='ltr'>Si</span> <span class='ocrx_word' id='word_1_119' title='bbox 356 2472 439 2532; x_wconf 91' lang='lat' dir='ltr'>enim</span> <span class='ocrx_word' id='word_1_120' title='bbox 475 2473 658 2552; x_wconf 84' lang='lat' dir='ltr'>quaerimus</span> <span class='ocrx_word' id='word_1_121' title='bbox 695 2473 853 2532; x_wconf 89' lang='lat' dir='ltr'>undenam</span> <span class='ocrx_word' id='word_1_122' title='bbox 890 2472 1071 2551; x_wconf 51' lang='lat' dir='ltr'>jucundus</span> <span class='ocrx_word' id='word_1_123' title='bbox 1096 2470 1219 2530; x_wconf 87' lang='lat' dir='ltr'>Parisiis</span> <span class='ocrx_word' id='word_1_124' title='bbox 1242 2489 1316 2529; x_wconf 90' lang='lat' dir='ltr'>cum</span> 
     </span>
     <span class='ocr_line' id='line_1_17' title="bbox 242 2596 1318 2678; baseline -0.004 -20"><span class='ocrx_word' id='word_1_125' title='bbox 242 2607 430 2672; x_wconf 88' lang='lat' dir='ltr'>moraretur,</span> <span class='ocrx_word' id='word_1_126' title='bbox 455 2597 606 2658; x_wconf 90' lang='lat' dir='ltr'>lectiones</span> <span class='ocrx_word' id='word_1_127' title='bbox 627 2596 702 2670; x_wconf 76' lang='lat' dir='ltr'>illas</span> <span class='ocrx_word' id='word_1_128' title='bbox 723 2597 763 2657; x_wconf 92' lang='lat' dir='ltr'>de</span> <span class='ocrx_word' id='word_1_129' title='bbox 775 2597 892 2678; x_wconf 90' lang='lat' dir='ltr'>quibus</span> <span class='ocrx_word' id='word_1_130' title='bbox 904 2597 1115 2677; x_wconf 73' lang='lat' dir='ltr'>disputamus</span> <span class='ocrx_word' id='word_1_131' title='bbox 1129 2596 1318 2676; x_wconf 88' lang='lat' dir='ltr'>depromere</span> 
     </span>
     <span class='ocr_line' id='line_1_18' title="bbox 240 2725 843 2803; baseline -0.002 -19"><span class='ocrx_word' id='word_1_132' title='bbox 240 2725 396 2803; x_wconf 81' lang='lat' dir='ltr'>potuerit,</span> <span class='ocrx_word' id='word_1_133' title='bbox 422 2725 481 2785; x_wconf 85' lang='lat' dir='ltr'>tria</span> <span class='ocrx_word' id='word_1_134' title='bbox 505 2732 632 2784; x_wconf 88' lang='lat' dir='ltr'>tantum</span> <span class='ocrx_word' id='word_1_135' title='bbox 657 2732 843 2784; x_wconf 88' lang='lat' dir='ltr'>occurrunt:</span> 
     </span>
    </p>

    <p class='ocr_par' dir='ltr' id='par_1_6' title="bbox 291 2849 1315 2929">
     <span class='ocr_line' id='line_1_19' title="bbox 291 2849 1315 2929; baseline 0 -18"><span class='ocrx_word' id='word_1_136' title='bbox 291 2866 360 2911; x_wconf 58' lang='lat'>1¹¹¹).</span> <span class='ocrx_word' id='word_1_137' title='bbox 382 2851 452 2911; x_wconf 82' lang='lat' dir='ltr'>Aut</span> <span class='ocrx_word' id='word_1_138' title='bbox 467 2849 533 2910; x_wconf 89' lang='lat' dir='ltr'>illas</span> <span class='ocrx_word' id='word_1_139' title='bbox 546 2850 666 2911; x_wconf 88' lang='lat' dir='ltr'>invenit</span> <span class='ocrx_word' id='word_1_140' title='bbox 679 2850 708 2909; x_wconf 93' lang='lat' dir='ltr'>in</span> <span class='ocrx_word' id='word_1_141' title='bbox 722 2849 830 2910; x_wconf 90' lang='lat' dir='ltr'>codice</span> <span class='ocrx_word' id='word_1_142' title='bbox 843 2849 982 2909; x_wconf 88' lang='lat' dir='ltr'>Parisino</span> <span class='ocrx_word' id='word_1_143' title='bbox 994 2869 1092 2929; x_wconf 90' lang='lat' dir='ltr'>quem</span> <span class='ocrx_word' id='word_1_144' title='bbox 1105 2849 1315 2911; x_wconf 87' lang='lat' dir='ltr'>describebat.</span> 
     </span>
    </p>

    <p class='ocr_par' dir='ltr' id='par_1_7' title="bbox 286 2975 854 3057">
     <span class='ocr_line' id='line_1_20' title="bbox 286 2975 854 3057; baseline 0 -20"><span class='ocrx_word' id='word_1_145' title='bbox 286 2977 328 3037; x_wconf 85' lang='lat'>2⁰.</span> <span class='ocrx_word' id='word_1_146' title='bbox 355 2978 425 3038; x_wconf 85' lang='lat' dir='ltr'>Aut</span> <span class='ocrx_word' id='word_1_147' title='bbox 448 2976 636 3057; x_wconf 87' lang='lat' dir='ltr'>conjecturis</span> <span class='ocrx_word' id='word_1_148' title='bbox 661 2977 728 3057; x_wconf 90' lang='lat' dir='ltr'>ipse</span> <span class='ocrx_word' id='word_1_149' title='bbox 752 2975 854 3037; x_wconf 86' lang='lat' dir='ltr'>finxit.</span> 
     </span>
    </p>

    <p class='ocr_par' dir='ltr' id='par_1_8' title="bbox 290 3102 1269 3183">
     <span class='ocr_line' id='line_1_21' title="bbox 290 3102 1269 3183; baseline -0.002 -19"><span class='ocrx_word' id='word_1_150' title='bbox 290 3106 330 3182; x_wconf 80' lang='lat'>3¹⁸.</span> <span class='ocrx_word' id='word_1_151' title='bbox 356 3105 428 3166; x_wconf 86' lang='lat' dir='ltr'>Aut</span> <span class='ocrx_word' id='word_1_152' title='bbox 452 3104 581 3165; x_wconf 87' lang='lat' dir='ltr'>tandem</span> <span class='ocrx_word' id='word_1_153' title='bbox 606 3124 649 3164; x_wconf 86' lang='lat' dir='ltr'>ex</span> <span class='ocrx_word' id='word_1_154' title='bbox 671 3103 824 3165; x_wconf 88' lang='lat' dir='ltr'>Catanaei</span> <span class='ocrx_word' id='word_1_155' title='bbox 847 3103 986 3164; x_wconf 86' lang='lat' dir='ltr'>editione</span> <span class='ocrx_word' id='word_1_156' title='bbox 1009 3102 1122 3163; x_wconf 89' lang='lat' dir='ltr'>eadem</span> <span class='ocrx_word' id='word_1_157' title='bbox 1141 3103 1269 3183; x_wconf 88' lang='lat' dir='ltr'>recepit.</span> 
     </span>
    </p>

    <p class='ocr_par' dir='ltr' id='par_1_9' title="bbox 285 3230 789 3311">
     <span class='ocr_line' id='line_1_22' title="bbox 285 3230 789 3311; baseline -0.002 -21"><span class='ocrx_word' id='word_1_158' title='bbox 285 3231 445 3311; x_wconf 82' lang='lat' dir='ltr'>Quartum</span> <span class='ocrx_word' id='word_1_159' title='bbox 469 3230 646 3309; x_wconf 83' lang='lat' dir='ltr'>excogitari</span> <span class='ocrx_word' id='word_1_160' title='bbox 670 3231 789 3310; x_wconf 91' lang='lat' dir='ltr'>nequit.</span> 
     </span>
    </p>

    <p class='ocr_par' dir='ltr' id='par_1_10' title="bbox 241 3355 1317 3561">
     <span class='ocr_line' id='line_1_23' title="bbox 285 3355 1317 3436; baseline -0.002 -18"><span class='ocrx_word' id='word_1_161' title='bbox 285 3356 368 3419; x_wconf 88' lang='lat' dir='ltr'>Cum</span> <span class='ocrx_word' id='word_1_162' title='bbox 393 3365 501 3416; x_wconf 89' lang='lat' dir='ltr'>autem</span> <span class='ocrx_word' id='word_1_163' title='bbox 527 3355 642 3416; x_wconf 90' lang='lat' dir='ltr'>horum</span> <span class='ocrx_word' id='word_1_164' title='bbox 666 3376 770 3436; x_wconf 89' lang='lat' dir='ltr'>neque</span> <span class='ocrx_word' id='word_1_165' title='bbox 793 3356 927 3436; x_wconf 88' lang='lat' dir='ltr'>primam</span> <span class='ocrx_word' id='word_1_166' title='bbox 954 3377 1057 3436; x_wconf 90' lang='lat' dir='ltr'>neque</span> <span class='ocrx_word' id='word_1_167' title='bbox 1080 3357 1217 3417; x_wconf 82' lang='lat' dir='ltr'>alterum</span> <span class='ocrx_word' id='word_1_168' title='bbox 1237 3358 1317 3417; x_wconf 89' lang='lat' dir='ltr'>veri-</span> 
     </span>
     <span class='ocr_line' id='line_1_24' title="bbox 241 3468 1315 3561; baseline 0.001 -19"><span class='ocrx_word' id='word_1_169' title='bbox 241 3483 315 3542; x_wconf 89' lang='lat' dir='ltr'>tatis</span> <span class='ocrx_word' id='word_1_170' title='bbox 339 3482 477 3561; x_wconf 88' lang='lat' dir='ltr'>speciem</span> <span class='ocrx_word' id='word_1_171' title='bbox 502 3501 578 3561; x_wconf 90' lang='lat' dir='ltr'>prae</span> <span class='ocrx_word' id='word_1_172' title='bbox 604 3501 638 3541; x_wconf 86' lang='lat' dir='ltr'>se</span> <span class='ocrx_word' id='word_1_173' title='bbox 661 3468 872 3555; x_wconf 56' lang='lat' dir='ltr'>ferat,&#39;restat</span> <span class='ocrx_word' id='word_1_174' title='bbox 897 3491 932 3541; x_wconf 93' lang='lat' dir='ltr'>ut</span> <span class='ocrx_word' id='word_1_175' title='bbox 951 3481 1082 3542; x_wconf 85' lang='lat' dir='ltr'>tertium</span> <span class='ocrx_word' id='word_1_176' title='bbox 1094 3482 1315 3544; x_wconf 73' lang='lat' dir='ltr'>admittamus</span> 
     </span>
    </p>

    <p class='ocr_par' dir='ltr' id='par_1_11' title="bbox 240 3607 1317 3817">
     <span class='ocr_line' id='line_1_25' title="bbox 286 3607 1317 3671; baseline 0.002 -2"><span class='ocrx_word' id='word_1_177' title='bbox 286 3608 416 3669; x_wconf 89' lang='lat' dir='ltr'>Etenim</span> <span class='ocrx_word' id='word_1_178' title='bbox 449 3627 512 3668; x_wconf 92' lang='lat' dir='ltr'>non</span> <span class='ocrx_word' id='word_1_179' title='bbox 545 3609 575 3667; x_wconf 92' lang='lat' dir='ltr'>in</span> <span class='ocrx_word' id='word_1_180' title='bbox 600 3608 710 3668; x_wconf 89' lang='lat' dir='ltr'>codice</span> <span class='ocrx_word' id='word_1_181' title='bbox 732 3608 872 3668; x_wconf 84' lang='lat' dir='ltr'>Parisino</span> <span class='ocrx_word' id='word_1_182' title='bbox 896 3628 932 3668; x_wconf 88' lang='lat' dir='ltr'>ea</span> <span class='ocrx_word' id='word_1_183' title='bbox 956 3628 1025 3668; x_wconf 89' lang='lat' dir='ltr'>esse</span> <span class='ocrx_word' id='word_1_184' title='bbox 1049 3607 1130 3669; x_wconf 89' lang='lat' dir='ltr'>lecta</span> <span class='ocrx_word' id='word_1_185' title='bbox 1154 3611 1317 3671; x_wconf 89' lang='lat' dir='ltr'>evidenter</span> 
     </span>
     <span class='ocr_line' id='line_1_26' title="bbox 240 3735 1315 3817; baseline 0.002 -21"><span class='ocrx_word' id='word_1_186' title='bbox 240 3735 312 3796; x_wconf 89' lang='lat' dir='ltr'>hinc</span> <span class='ocrx_word' id='word_1_187' title='bbox 337 3745 443 3817; x_wconf 86' lang='lat' dir='ltr'>patet,</span> <span class='ocrx_word' id='word_1_188' title='bbox 467 3736 555 3817; x_wconf 91' lang='lat' dir='ltr'>quod</span> <span class='ocrx_word' id='word_1_189' title='bbox 580 3735 702 3809; x_wconf 79' lang='lat' dir='ltr'>nidus,</span> <span class='ocrx_word' id='word_1_190' title='bbox 729 3736 783 3815; x_wconf 94' lang='lat' dir='ltr'>qui</span> <span class='ocrx_word' id='word_1_191' title='bbox 804 3736 870 3816; x_wconf 90' lang='lat' dir='ltr'>ipse</span> <span class='ocrx_word' id='word_1_192' title='bbox 889 3736 1031 3797; x_wconf 90' lang='lat' dir='ltr'>codicem</span> <span class='ocrx_word' id='word_1_193' title='bbox 1045 3736 1131 3797; x_wconf 93' lang='lat' dir='ltr'>illum</span> <span class='ocrx_word' id='word_1_194' title='bbox 1145 3758 1179 3798; x_wconf 90' lang='lat' dir='ltr'>se</span> <span class='ocrx_word' id='word_1_195' title='bbox 1191 3737 1315 3798; x_wconf 90' lang='lat' dir='ltr'>edendo</span> 
     </span>
    </p>
   </div>
   <div class='ocr_carea' id='block_1_4' title="bbox 240 3861 1315 3943">
    <p class='ocr_par' dir='ltr' id='par_1_12' title="bbox 240 3861 1315 3943">
     <span class='ocr_line' id='line_1_27' title="bbox 240 3861 1315 3943; baseline 0.002 -19"><span class='ocrx_word' id='word_1_196' title='bbox 240 3863 339 3924; x_wconf 91' lang='lat' dir='ltr'>Plinio</span> <span class='ocrx_word' id='word_1_197' title='bbox 364 3861 547 3924; x_wconf 88' lang='lat' dir='ltr'>adhibuisse</span> <span class='ocrx_word' id='word_1_198' title='bbox 569 3871 707 3924; x_wconf 89' lang='lat' dir='ltr'>testatur</span> <span class='ocrx_word' id='word_1_199' title='bbox 730 3899 771 3906; x_wconf 89' lang='lat'><em>-</em></span> <span class='ocrx_word' id='word_1_200' title='bbox 794 3883 896 3943; x_wconf 91' lang='lat' dir='ltr'>neque</span> <span class='ocrx_word' id='word_1_201' title='bbox 915 3874 964 3925; x_wconf 88' lang='lat' dir='ltr'>est</span> <span class='ocrx_word' id='word_1_202' title='bbox 976 3884 1033 3924; x_wconf 89' lang='lat' dir='ltr'>cur</span> <span class='ocrx_word' id='word_1_203' title='bbox 1045 3863 1141 3924; x_wconf 86' lang='lat' dir='ltr'>fidem</span> <span class='ocrx_word' id='word_1_204' title='bbox 1154 3866 1181 3925; x_wconf 93' lang='lat' dir='ltr'>ei</span> <span class='ocrx_word' id='word_1_205' title='bbox 1195 3877 1315 3926; x_wconf 90' lang='lat' dir='ltr'>temere</span> 
     </span>
    </p>
   </div>
   <div class='ocr_carea' id='block_1_5' title="bbox 237 4087 1316 4470">
    <p class='ocr_par' dir='ltr' id='par_1_13' title="bbox 278 4087 1241 4150">
     <span class='ocr_line' id='line_1_28' title="bbox 278 4087 1241 4150; baseline -0.002 -15"><span class='ocrx_word' id='word_1_206' title='bbox 278 4093 298 4145; x_wconf 88' lang='lat'>¹)</span> <span class='ocrx_word' id='word_1_207' title='bbox 317 4089 428 4150; x_wconf 78' lang='lat' dir='ltr'>Excepta</span> <span class='ocrx_word' id='word_1_208' title='bbox 448 4087 536 4148; x_wconf 80' lang='lat' dir='ltr'>[tribus</span> <span class='ocrx_word' id='word_1_209' title='bbox 554 4088 642 4134; x_wconf 85' lang='lat' dir='ltr'>saltem</span> <span class='ocrx_word' id='word_1_210' title='bbox 660 4088 785 4150; x_wconf 82' lang='lat' dir='ltr'>prioribus</span> <span class='ocrx_word' id='word_1_211' title='bbox 801 4088 873 4146; x_wconf 81' lang='lat' dir='ltr'>loeis)</span> <span class='ocrx_word' id='word_1_212' title='bbox 894 4088 1010 4134; x_wconf 77' lang='lat' dir='ltr'>Erlitioue</span> <span class='ocrx_word' id='word_1_213' title='bbox 1028 4087 1150 4134; x_wconf 82' lang='lat' dir='ltr'>Catanaei</span> <span class='ocrx_word' id='word_1_214' title='bbox 1172 4098 1198 4150; x_wconf 85' lang='lat'>15</span> <span class='ocrx_word' id='word_1_215' title='bbox 1218 4101 1241 4147; x_wconf 83' lang='lat'>9.</span> 
     </span>
    </p>

    <p class='ocr_par' dir='ltr' id='par_1_14' title="bbox 275 4166 825 4230">
     <span class='ocr_line' id='line_1_29' title="bbox 275 4166 825 4230; baseline 0.002 -16"><span class='ocrx_word' id='word_1_216' title='bbox 275 4166 295 4230; x_wconf 82' lang='lat'>²)</span> <span class='ocrx_word' id='word_1_217' title='bbox 316 4168 411 4229; x_wconf 80' lang='lat' dir='ltr'>llatdy,</span> <span class='ocrx_word' id='word_1_218' title='bbox 426 4167 513 4228; x_wconf 85' lang='lat' dir='ltr'>Jouru¹</span> <span class='ocrx_word' id='word_1_219' title='bbox 532 4167 559 4212; x_wconf 86' lang='lat' dir='ltr'>ol</span> <span class='ocrx_word' id='word_1_220' title='bbox 575 4167 665 4216; x_wconf 74' lang='lat' dir='ltr'>l&#39;liilol.</span> <span class='ocrx_word' id='word_1_221' title='bbox 682 4167 708 4216; x_wconf 80' lang='lat' dir='ltr'>ll,</span> <span class='ocrx_word' id='word_1_222' title='bbox 728 4184 751 4230; x_wconf 87' lang='lat' dir='ltr'>p.</span> <span class='ocrx_word' id='word_1_223' title='bbox 772 4166 825 4216; x_wconf 81' lang='lat'>108.</span> 
     </span>
    </p>

    <p class='ocr_par' dir='ltr' id='par_1_15' title="bbox 237 4244 1316 4388">
     <span class='ocr_line' id='line_1_30' title="bbox 277 4244 1316 4310; baseline -0.002 -17"><span class='ocrx_word' id='word_1_224' title='bbox 277 4245 297 4309; x_wconf 79' lang='lat'>³)</span> <span class='ocrx_word' id='word_1_225' title='bbox 316 4247 373 4293; x_wconf 86' lang='lat' dir='ltr'>Hoc</span> <span class='ocrx_word' id='word_1_226' title='bbox 397 4246 497 4309; x_wconf 82' lang='lat' dir='ltr'>proprie</span> <span class='ocrx_word' id='word_1_227' title='bbox 520 4246 648 4309; x_wconf 85' lang='lat' dir='ltr'>loquendo</span> <span class='ocrx_word' id='word_1_228' title='bbox 666 4247 697 4293; x_wconf 92' lang='lat' dir='ltr'>de</span> <span class='ocrx_word' id='word_1_229' title='bbox 715 4254 804 4310; x_wconf 84' lang='lat' dir='ltr'>quarto</span> <span class='ocrx_word' id='word_1_230' title='bbox 822 4253 920 4293; x_wconf 85' lang='lat' dir='ltr'>tautum</span> <span class='ocrx_word' id='word_1_231' title='bbox 936 4246 993 4292; x_wconf 86' lang='lat' dir='ltr'>loco</span> <span class='ocrx_word' id='word_1_232' title='bbox 1013 4247 1051 4306; x_wconf 61' lang='lat' dir='ltr'>(T.</span> <span class='ocrx_word' id='word_1_233' title='bbox 1069 4244 1109 4308; x_wconf 71' lang='lat'>86,</span> <span class='ocrx_word' id='word_1_234' title='bbox 1128 4245 1159 4309; x_wconf 91' lang='lat' dir='ltr'>B)</span> <span class='ocrx_word' id='word_1_235' title='bbox 1177 4246 1316 4308; x_wconf 84' lang='lat' dir='ltr'>suspicatur</span> 
     </span>
     <span class='ocr_line' id='line_1_31' title="bbox 237 4325 815 4388; baseline 0 -14"><span class='ocrx_word' id='word_1_236' title='bbox 237 4328 338 4388; x_wconf 79' lang='lat' dir='ltr'>Hardy·</span> <span class='ocrx_word' id='word_1_237' title='bbox 358 4326 389 4372; x_wconf 89' lang='lat' dir='ltr'>de</span> <span class='ocrx_word' id='word_1_238' title='bbox 407 4326 461 4372; x_wconf 84' lang='lat' dir='ltr'>allis</span> <span class='ocrx_word' id='word_1_239' title='bbox 479 4326 514 4372; x_wconf 87' lang='lat' dir='ltr'>nil</span> <span class='ocrx_word' id='word_1_240' title='bbox 533 4326 681 4373; x_wconf 85' lang='lat' dir='ltr'>nominatim</span> <span class='ocrx_word' id='word_1_241' title='bbox 700 4325 815 4374; x_wconf 79' lang='lat' dir='ltr'>affirmat.</span> 
     </span>
    </p>

    <p class='ocr_par' dir='ltr' id='par_1_16' title="bbox 273 4405 915 4470">
     <span class='ocr_line' id='line_1_32' title="bbox 273 4405 915 4470; baseline -0.002 -18"><span class='ocrx_word' id='word_1_242' title='bbox 273 4405 294 4470; x_wconf 78' lang='lat'>⁴)</span> <span class='ocrx_word' id='word_1_243' title='bbox 314 4405 371 4452; x_wconf 86' lang='lat' dir='ltr'>Hoc</span> <span class='ocrx_word' id='word_1_244' title='bbox 388 4405 477 4451; x_wconf 86' lang='lat' dir='ltr'>iterum</span> <span class='ocrx_word' id='word_1_245' title='bbox 495 4405 527 4451; x_wconf 88' lang='lat' dir='ltr'>de</span> <span class='ocrx_word' id='word_1_246' title='bbox 544 4412 634 4468; x_wconf 81' lang='lat' dir='ltr'>(piarto</span> <span class='ocrx_word' id='word_1_247' title='bbox 652 4413 749 4453; x_wconf 82' lang='lat' dir='ltr'>tantum</span> <span class='ocrx_word' id='word_1_248' title='bbox 767 4405 823 4451; x_wconf 88' lang='lat' dir='ltr'>luco</span> <span class='ocrx_word' id='word_1_249' title='bbox 842 4405 915 4456; x_wconf 86' lang='lat' dir='ltr'>valet.</span> 
     </span>
    </p>
   </div>
   <div class='ocr_carea' id='block_1_6' title="bbox 0 0 1563 5130">
    <p class='ocr_par' dir='ltr' id='par_1_17' title="bbox 0 0 1563 5130">
     <span class='ocr_line' id='line_1_33' title="bbox 0 0 1563 5130; baseline 0 0"><span class='ocrx_word' id='word_1_250' title='bbox 0 0 1563 5130; x_wconf 95' lang='lat' dir='ltr'> </span> 
     </span>
    </p>
   </div>
  </div>
 </body>
</html>
