3114 5130
801 469 842 530 68

283 658 394 732 sitam,
421 667 455 717 ut
479 657 522 718 ita
549 657 668 730 dicam,
683 657 713 717 in
727 656 862 736 epistula
875 658 1120 737 repugnantiam
1134 656 1192 717 sibi
1205 657 1357 736 reperisse

283 786 368 844 visus
396 793 462 859 est,
487 802 560 843 cum
586 782 685 843 [lube
707 784 881 843 contendat
904 804 938 843 se
963 784 993 843 in
1016 783 1129 843 eadem
1154 782 1260 860 „nulle
1285 803 1371 843 sou-.

284 909 374 972 ture''
400 910 560 990 (suturum
586 907 721 991 nullam)
747 911 886 972 invenire
909 911 1060 989 potuisse.

330 1036 614 1117 „c0gniti0nibus,
651 1037 758 1097 scribit
792 1037 924 1117 Plinius,
957 1037 997 1097 <le
1020 1034 1205 1097 Christianis
1235 1035 1359 1097 interfui

285 1184 480 1243 numquam;
505 1163 576 1223 ideo
603 1164 708 1222 nescio
732 1162 808 1242 quid
834 1172 865 1222 et
891 1172 1049 1243 quatenus
1074 1170 1130 1222 aut
1143 1161 1245 1241 puniri
1257 1161 1358 1222 soleat

284 1301 340 1352 aut
363 1289 504 1371 quaeri.’'

327 1419 431 1479 Prima
461 1418 569 1479 statim
599 1418 754 1497 epistulae
786 1416 883 1478 verba
907 1417 1009 1496 carpit
1035 1417 1133 1478 Aube
1149 1413 1195 1499 ¹),
1219 1416 1269 1478 cui
1295 1437 1358 1476 non

283 1544 344 1606 hoc
368 1553 494 1606 tantum
512 1563 625 1625 parum
639 1543 764 1604 uidetur
777 1543 943 1623 probabile
950 1543 1018 1622 jam
1031 1552 1105 1604 ante
1118 1542 1205 1604 Plinii
1217 1552 1358 1603 aetatem

283 1670 378 1732 fuisse
409 1671 630 1749 „cognitiones
662 1670 701 1730 de
734 1668 958 1744 Christianis,''
992 1670 1047 1729 sed
1071 1669 1132 1730 hoc
1155 1670 1356 1750 praesertim,

284 1798 309 1857 si
333 1797 463 1870 fuerint,
489 1796 618 1856 easdem
642 1796 740 1857 latere
764 1795 907 1875 potuisse
933 1795 1085 1876 Plinium,
1111 1797 1155 1857 ita
1168 1805 1202 1857 ut
1215 1797 1358 1856 nesciret:

284 1924 382 2004 „quid
407 1934 439 1984 et
461 1930 621 2003 quatenus
644 1932 700 1983 aut
725 1922 826 2001 puniri
851 1921 967 1982 soleret
980 1931 1035 1983 aut
1047 1920 1188 2002 quaeri.'’
1210 1921 1306 2002 Quod
1320 1942 1359 1982 eo

283 2050 354 2130 plus
389 2050 607 2111 admirationis
641 2049 827 2110 doctissimo
862 2049 929 2109 viro
966 2058 1093 2122 movet,
1131 2049 1218 2128 quod
1242 2048 1359 2109 Plinius

284 2197 340 2257 per
370 2177 499 2256 triginta
531 2196 631 2256 prope
662 2195 763 2235 annos
795 2195 908 2236 causas
934 2184 1060 2254 egerat,
1086 2174 1224 2236 honores
1248 2195 1360 2235 omnes

283 2315 442 2383 gesserat,
468 2322 620 2383 magnam
646 2303 772 2382 patroni
785 2301 903 2362 lamam
916 2301 974 2361 sibi
987 2313 1249 2383 comparaverat,
1263 2312 1360 2383 atque

284 2432 355 2493 ideo
375 2431 517 2512 profecto
530 2429 767 2508 cognitionibus
780 2428 836 2488 illis
847 2479 853 2505 ,
867 2426 906 2512 (si
920 2427 1049 2490 habitae
1064 2425 1184 2512 essent)
1197 2440 1253 2491 aut
1266 2431 1360 2492 inter-

283 2559 410 2632 fuisset,
435 2567 491 2619 aut
515 2556 628 2618 saltem
653 2576 695 2616 ex
717 2555 883 2616 hominum
905 2576 1052 2616 sermone
1072 2577 1126 2616 eas
1146 2560 1359 2636 cognovisset.

329 2684 433 2763 „Rieu
458 2682 539 2744 n’est
562 2683 633 2763 plus
658 2682 807 2762 singulier
832 2703 871 2742 en
896 2682 1027 2744 ue'rite.''

330 2812 378 2872 At
398 2811 491 2871 fuisse
512 2810 579 2889 jam
605 2809 680 2868 olim
701 2810 923 2888 „cognitiones
943 2809 983 2869 de
996 2808 1201 2870 Christianis''
1216 2806 1244 2892 ¹²)
1258 2810 1308 2870 vel
1320 2830 1362 2870 ex

284 2958 322 2998 eo
347 2937 462 3017 liquet,
489 2937 576 3016 quod
596 2937 662 3016 ipse
676 2935 775 2995 Aube'
789 2935 905 2996 fatetur
918 2934 1105 2995 Domitiano
1119 2936 1296 3014 imperante
1308 2935 1363 2996 ali-

284 3073 364 3144 quot
388 3063 501 3123 saltem
528 3060 728 3123 Christianos
749 3061 842 3121 luisse
857 3062 996 3141 punitos.
1011 3060 1092 3142 Qui,
1106 3081 1178 3122 cum
1193 3060 1243 3121 illa
1256 3069 1363 3135 aetate

285 3192 315 3250 in
344 3187 540 3250 tenuioribus
571 3186 756 3247 hominibus
788 3187 978 3267 plerumque
1002 3174 1260 3261 numerarentur,
1286 3186 1362 3266 quid

286 3318 401 3377 mirum
425 3316 450 3375 si
474 3316 505 3375 in
530 3314 659 3374 eosdem
685 3333 748 3373 non
770 3312 811 3374 ab
827 3313 987 3392 judicibus
1007 3323 1099 3374 extra
1112 3313 1255 3373 ordinem
1269 3312 1361 3386 datis,

286 3443 343 3503 sed
368 3442 410 3503 ab
434 3441 598 3502 ordinariis
622 3439 880 3519 magistratibus,
906 3438 984 3521 (tres
1008 3440 1092 3498 viros
1103 3439 1256 3518 capitales
1268 3435 1361 3520 puta)

285 3570 325 3631 sit
360 3570 552 3650 quaesitum.
590 3568 727 3629 Accedit
757 3566 865 3647 quod,
899 3575 934 3627 ut
969 3586 1042 3626 cum
1078 3586 1196 3645 magna
1219 3565 1362 3626 veritatis

285 3698 389 3777 specie
421 3697 653 3757 demonstravit
684 3695 836 3768 Boissier,
865 3693 933 3772 jam
965 3714 983 3752 a
1015 3693 1143 3752 Nerone
1167 3693 1362 3772 Imperatore

285 3824 427 3884 edictum
451 3823 604 3882 adversus
630 3820 828 3882 Christianos
852 3820 977 3881 videtur
996 3818 1091 3879 fuisse
1110 3820 1321 3899 propositum.
1335 3819 1361 3900 ⁷³)

323 4046 342 4109 ¹)
362 4048 435 4094 Aulie
453 4047 479 4095 ll.
498 4064 522 4110 p.
542 4059 597 4095 210¹
630 4065 632 4069 ’

323 4131 345 4188 2)
365 4127 407 4175 cir.
429 4127 493 4172 ltein
511 4125 726 4173 Criminnlltecht
745 4142 785 4187 pp.
804 4124 854 4185 890
870 4141 905 4186 sq.

321 4204 340 4264 ³)
358 4206 400 4254 eh,
420 4205 527 4251 lloissier
546 4206 608 4255 llev.
629 4204 746 4252 Archi-ol,
766 4205 794 4251 T.
814 4217 842 4265 3¹
863 4220 905 4266 pp.
929 4205 973 4249 118
991 4221 1027 4267 sq.
1047 4206 1072 4252 l'.
1092 4206 1180 4252 hllunl
1200 4204 1311 4250 llistoire
1320 4203 1364 4250 des

286 4285 475 4332 Pei-secutione
504 4285 514 4330 l
542 4302 582 4348 pp¹
612 4284 654 4331 161
682 4292 774 4346 etseq.
795 4283 891 4329 Arinilrl
910 4283 935 4330 ll.
954 4300 995 4346 pp,
1014 4297 1044 4345 27
1064 4271 1124 4330 nota
1143 4298 1164 4345 3.
1184 4285 1276 4346 Dupuy
1294 4283 1319 4331 ll.
1338 4299 1362 4344 p.

288 4363 332 4425 185
351 4379 386 4425 sq.
406 4363 493 4410 Variot
513 4365 575 4413 Rev,
594 4364 637 4410 des
655 4364 741 4423 Quest.
762 4363 831 4410 Hist.
849 4362 922 4411 Tom.
941 4374 973 4421 24
991 4380 1014 4426 p.
1036 4375 1089 4425 133.
