3114 5130
797 489 839 551 80

279 681 500 743 incredibiliter
530 683 726 761 provinciam
756 691 949 757 vexaverat,
982 690 1018 742 ut
1048 701 1122 741 cum
1145 680 1285 741 Romam
1310 699 1356 739 re-

280 829 389 869 versus
413 829 432 868 a
456 808 702 888 provincialibus
725 808 975 888 repetundarum
999 809 1128 869 crimine
1141 807 1357 889 postularetur

279 937 419 1013 „omissa
457 936 639 996 defensione
670 936 794 1015 judices
828 934 984 1017 peteret.''
1002 936 1024 1018 ¹)
1060 936 1177 997 Plinius
1212 956 1288 996 vero
1323 943 1355 995 et

279 1061 411 1123 Tacitus
435 1064 489 1143 qui
512 1063 639 1142 patroni
653 1063 739 1124 Afris
752 1064 819 1124 dati
831 1073 923 1124 erant
934 1065 1181 1141 „existimarunt
1193 1062 1266 1122 fidei
1279 1083 1356 1123 suae

279 1191 447 1251 convenire
471 1199 583 1250 notum
609 1190 732 1251 senatui
756 1192 859 1250 facere
882 1191 1058 1251 excessisse
1081 1190 1223 1251 Priscum
1248 1191 1355 1250 inma-

280 1318 379 1379 nitate
402 1325 433 1377 et
457 1317 589 1377 saevitia
615 1317 745 1377 crimina
768 1317 885 1397 quibus
907 1316 973 1377 dari
983 1317 1105 1397 judices
1118 1327 1267 1398 possent,
1281 1338 1355 1377 cum

279 1443 322 1504 ob
346 1445 531 1505 innocentes
551 1444 824 1504 condemmandos
837 1444 1071 1505 interficiendos
1084 1445 1190 1520 etiam,
1204 1444 1355 1524 pecunias

279 1570 485 1651 accepisset.’'
510 1571 637 1632 Praeter
662 1571 722 1632 alia
745 1571 847 1633 multa
868 1592 1007 1652 namque
1021 1571 1141 1652 flagitia
1153 1590 1237 1651 quae
1249 1580 1355 1650 patra-

279 1710 337 1775 rat,
366 1699 494 1761 Vitellio
518 1699 644 1761 cuidam
669 1699 840 1761 Honorato
864 1700 979 1779 equitis
1002 1700 1141 1760 Romani
1165 1708 1355 1779 septemque

279 1827 454 1887 amicorum
478 1800 627 1887 ultimum
647 1826 856 1906 supplicium,
872 1825 983 1886 Flavio
997 1846 1073 1886 vero
1085 1825 1248 1886 Marciano
1263 1826 1355 1885 unius

279 1956 394 2033 equitis
428 1955 567 2014 Romani
601 1954 692 2033 plura
727 1953 881 2033 supplicia
917 1990 960 1997 —
995 1930 1085 2031 „erat
1118 1954 1219 2028 enim,
1253 1953 1355 2032 inquit

279 2067 411 2157 Piinius,
436 2081 571 2143 fustibus
595 2101 723 2156 caesus,
748 2081 920 2142 damnatus
945 2082 976 2141 in
1000 2079 1182 2156 metallum,
1208 2089 1354 2159 strangu-

279 2209 361 2270 latus
393 2211 424 2269 in
454 2207 599 2270 carcere''
634 2245 673 2252 -
706 2208 893 2268 vendiderat
917 2209 936 2272 i.
949 2228 976 2268 e.
1001 2206 1146 2267 homines
1170 2207 1355 2267 innocentes

280 2357 413 2411 novem,
439 2336 520 2397 inter
542 2356 625 2416 quos
648 2337 772 2415 equites
793 2334 960 2396 Romanos
979 2336 1060 2396 duos
1073 2334 1186 2396 ultimo
1199 2335 1354 2416 supplicio

279 2463 393 2524 nefarie
425 2463 592 2524 adfecerat.
615 2462 679 2523 'Ex
703 2462 790 2523 Plinii
813 2483 889 2522 vero
914 2461 1049 2542 epistula
1073 2461 1235 2542 quamde
1258 2482 1354 2523 causa

278 2591 338 2653 hac
361 2593 401 2652 ad
427 2593 565 2652 amicum
590 2592 729 2672 scripsit,
755 2591 948 2670 intellegitur
970 2610 1069 2670 quam
1081 2609 1195 2670 parum
1209 2589 1353 2664 abfuerit,

279 2721 354 2799 quin
378 2720 425 2780 vir
448 2718 498 2779 ille
523 2719 767 2779 nocentissimus
792 2719 948 2798 Verrique
971 2716 1057 2778 haud
1082 2717 1241 2778 immerito
1266 2737 1354 2777 conr-

278 2847 456 2926 paranduS,
488 2846 543 2905 vix
558 2839 632 2904 non
657 2865 787 2905 omnem
811 2863 950 2923 poenam
974 2843 1146 2922 effugeret,
1171 2844 1214 2903 ita
1239 2851 1274 2902 ut
1298 2841 1354 2901 nisi

278 2972 457 3051 Imperator
473 2972 539 3050 ipse
551 2970 753 3031 voluntatem
767 2989 858 3031 suam
873 2989 936 3029 non
949 2969 1084 3029 obscure
1097 2967 1317 3048 significasset,
1326 2965 1352 3048 ᾖ)

278 3098 397 3157 Marius
428 3097 551 3157 Priscus
582 3117 644 3156 non
677 3096 753 3156 alias
786 3097 842 3155 nisi
874 3096 1123 3176 repetundarum
1155 3115 1276 3175 poenas
1299 3094 1353 3154 de-

277 3223 384 3286 disset.
399 3220 631 3301 Nuncquidem
646 3220 689 3281 ob
702 3221 865 3300 egregiam
879 3220 966 3280 Plinii
978 3220 1353 3301 Tacitiquediligentiam

277 3350 543 3429 manifestamque
566 3348 694 3428 Trajani
720 3349 938 3423 voluntatem,
964 3348 1043 3409 haec
1068 3348 1225 3410 sententia
1243 3346 1352 3426 valuit,

278 3489 313 3541 ut
345 3479 572 3558 „septingenta
601 3475 697 3536 millia
721 3496 804 3556 quae
828 3485 995 3556 acceperat
1019 3476 1139 3536 Marius
1163 3475 1283 3536 aerario
1308 3474 1354 3533 in-

276 3608 447 3685 ferrentur,
484 3606 586 3665 Mario
622 3603 701 3664 urbe
733 3603 888 3683 Italiaque
920 3604 1159 3664 interdiceretur
1190 3603 1352 3663 Marciano

277 3733 338 3794 hoc
368 3732 505 3811 amplius
536 3728 677 3791 Africa.’'
710 3727 929 3815 (Honoratum
963 3740 1146 3810 opportuna
1170 3750 1256 3790 mors
1277 3749 1353 3809 cog-

278 3860 388 3921 nitioni
411 3857 549 3920 Senatus
577 3855 807 3937 subtraxerat.)
832 3856 885 3918 Ob
910 3866 1000 3918 tanta
1023 3877 1100 3937 ergo
1125 3856 1263 3937 flagitia:

279 4062 472 4070 -—.-.-—.-——-

315 4222 332 4283 ¹)
350 4227 389 4271 De
406 4225 445 4271 liis
462 4224 577 4271 omnibus
596 4224 638 4273 cfr.
657 4226 689 4271 sis
707 4227 805 4290 Zumpt.
824 4226 954 4275 Criminal.
972 4225 1054 4273 Recht
1072 4226 1117 4272 der
1134 4227 1207 4272 Rom.
1225 4224 1353 4288 Republik

277 4303 302 4350 II
320 4316 379 4366 zpp.
397 4317 445 4365 340
463 4320 515 4367 sqq.

312 4383 332 4445 ²)
351 4384 408 4430 Hoc
426 4389 496 4442 patet
514 4397 543 4429 ex
562 4383 601 4444 Ep
627 4382 652 4430 11
674 4396 699 4430 11
720 4391 745 4431 et
765 4396 802 4434 12.
