3114 5130
728 511 804 576 57·

207 701 360 762 magnam
395 683 536 764 Ussingii
571 686 796 747 auctoritatem
832 707 870 746 ea
901 705 984 766 quae
1014 685 1190 766 disputavit
1219 684 1287 745 dili-

134 872 136 877 ,
207 809 335 889 gentius
362 811 569 892 perpendam.

251 934 425 998 Contendit
449 937 569 1018 Ussing
592 938 728 999 scribere
752 938 886 1000 Plinium
910 950 1020 1020 aperte
1044 949 1077 1001 et
1097 940 1285 1001 nominatim

208 1064 238 1124 in
255 1063 425 1143 provinciis
437 1065 593 1126 eiusmodi
606 1086 655 1126 res
667 1066 708 1128 ad
721 1065 890 1148 collegium
904 1066 1095 1128 Pontificum
1108 1067 1286 1128 referendas

208 1209 271 1250 non
297 1211 375 1251 esse.
400 1191 522 1253 Verum
548 1192 578 1252 id
603 1213 807 1274 nequaquam
831 1194 905 1256 dicit
926 1193 1042 1255 Plinius
1056 1192 1182 1277 (uthoc
1194 1194 1286 1273 quasi

207 1318 401 1397 praeteriens
424 1316 591 1402 adnotem)
615 1320 689 1381 dicit
710 1329 836 1381 tantum
857 1319 983 1381 Romae
1002 1320 1042 1380 de
1062 1319 1211 1381 omnibus
1229 1319 1286 1380 illis

208 1442 399 1505 Pontificum
429 1444 600 1526 collegium
631 1446 733 1506 solere
756 1447 850 1522 adiri,
876 1447 916 1507 de
940 1447 1109 1527 provinciis
1132 1446 1207 1508 nihil
1230 1447 1285 1508 ad-

208 1571 271 1645 dit3
293 1572 501 1651 nequeenim
522 1572 553 1634 id
573 1571 690 1633 Plinius
710 1572 842 1634 sciebat.
867 1574 974 1654 Quare
994 1593 1068 1634 cum
1089 1574 1128 1635 sit
1149 1574 1286 1635 incertus

210 1698 286 1779 quid
311 1707 405 1779 agat,
430 1709 463 1760 et
485 1699 553 1780 ipse
578 1720 644 1761 rem
669 1700 843 1780 transigere
867 1713 940 1760 non
956 1700 1090 1775 audeat,
1115 1700 1156 1761 ad
1180 1700 1286 1762 Ponti-

209 1825 302 1887 ficem
332 1825 514 1887 Maximum
543 1827 550 1886 i
573 1847 590 1887 e
613 1827 654 1888 ad
678 1827 908 1907 Imperatorem
934 1816 1042 1904 refert,
1067 1847 1166 1909 penes
1188 1847 1286 1908 quem

203 1940 259 2014 illa
290 1953 477 2033 praesertim
508 1962 615 2015 aetate
646 1973 810 2016 summum
835 1954 865 2014 in
890 1954 985 2015 rebus
1009 1955 1105 2016 sacris
1124 1955 1177 2034 jus
1201 1964 1286 2030 erat,

210 2089 245 2141 ut
267 2080 335 2160 ipse
358 2080 417 2140 sibi
440 2080 614 2160 praecipiat
634 2081 710 2161 quid
730 2082 990 2162 concedendum,
1011 2081 1088 2162 quid
1107 2082 1147 2143 sit
1167 2102 1287 2162 negan-

208 2206 321 2287 dum1)
342 2206 406 2288 Qui
414 2207 659 2287 prudentissime
671 2207 765 2268 simul
774 2216 805 2269 et
819 2205 1048 2268 humanissime
1060 2208 1232 2288 respondet
1243 2244 1287 2252 —-

209 2335 284 2414 quia
315 2334 464 2395 nimirum
497 2330 616 2394 Plinius
648 2333 688 2394 de
717 2333 907 2395 Pontificum
931 2332 1066 2413 collegio
1090 2332 1285 2394 mentionem

209 2459 359 2540 injecerat
396 2495 427 2505 ι-
452 2459 568 2520 durum
592 2479 662 2521 esse
685 2460 716 2520 in
740 2459 857 2521 talibus
880 2480 996 2541 eogere
1020 2459 1228 2541 provinciales
1252 2470 1287 2519 ut

209 2585 379 2650 Pontifices
410 2586 544 2662 adeant,
575 2606 675 2666 quare
708 2595 811 2647 totam
844 2606 911 2646 rem
936 2586 1032 2666 legati
1061 2586 1191 2647 arbitrio
1215 2606 1286 2666 per-

210 2715 315 2780 mittit,
352 2713 449 2795 Quod
480 2711 609 2793 quidem
638 2713 826 2793 rescriptum
858 2714 989 2774 omnino
1013 2714 1054 2775 ad
1078 2735 1116 2774 ea
1139 2713 1288 2793 congruit

209 2861 292 2921 quae
324 2860 387 2901 non
419 2840 463 2901 ita
494 2838 596 2900 multo
627 2849 702 2920 post
732 2860 774 2900 ex
804 2840 914 2901 codice
944 2841 1123 2920 Justiniano
1150 2839 1287 2901 valuisse

210 2969 375 3029 novimus:
419 2967 618 3047 „Imperator
654 2967 842 3028 Antoninus
878 2968 922 3028 A.
959 2967 1151 3047 Dionysiae:
1188 2966 1221 3028 Si
1256 2968 1287 3027 vi

210 3093 349 3155 fluminis
379 3093 528 3174 reliquiae
559 3092 612 3153 filii
644 3093 690 3155 tui
722 3095 953 3175 continguntur
984 3094 1034 3154 vel
1065 3092 1125 3154 alia
1144 3092 1232 3172 justa
1255 3102 1287 3155 et

211 3220 387 3283 necessaria
406 3241 502 3283 causa
523 3221 701 3295 intervenit,
723 3202 947 3282 aestimatione
963 3221 1092 3282 rectoris
1105 3220 1288 3300 provinciae

210 3348 377 3412 transferre
400 3368 455 3408 eas
478 3347 509 3408 in
533 3345 630 3407 alium
654 3346 760 3408 locum
785 3343 925 3427 poteris'’
939 3342 975 3429 '·')

254 3477 367 3556 Itaque
402 3473 519 3534 nemini
549 3472 617 3554 jam
653 3472 787 3535 dubium
820 3472 918 3534 videri
950 3473 1100 3533 existimo
1128 3472 1205 3552 quin
1240 3491 1287 3532 re·

210 3621 365 3684 sponsum
388 3599 450 3662 hoc
473 3599 613 3681 Trajano
636 3599 731 3681 plane
755 3600 888 3680 dignum
912 3600 962 3661 sit.
987 3597 1073 3659 Nihil
1097 3599 1180 3658 eninr
1205 3599 1287 3658 ineo

210 3729 368 3792 invenitur
403 3728 490 3808 quod
525 3726 606 3788 illius
640 3727 755 3788 aetatis
788 3726 883 3788 rebus
914 3735 946 3787 et
977 3725 1129 3787 institutis
1160 3723 1287 3787 aliunde

210 3855 348 3938 cognitis
371 3864 540 3935 repugnet.

255 3985 319 4047 Sed
345 4005 419 4047 cum
443 3984 523 4046 haec
548 4001 675 4044 mecum
700 3981 768 4062 ipse
791 3990 990 4062 reputarem,
1015 3980 1191 4043 admiratus
1214 3999 1286 4041 sum

248 4233 267 4293 ¹)
285 4236 323 4283 De
351 4236 468 4283 omnibus
486 4235 553 4283 hisce
570 4235 602 4283 sis
620 4235 697 4284 coulr.
715 4235 872 4298 Marquardt.
890 4235 1049 4285 Staatsverw.
1068 4234 1105 4280 Ill
1124 4231 1182 4298 (Ed.
1201 4234 1226 4297 2)
1245 4251 1287 4297 pp,

212 4325 261 4376 310
278 4322 302 4361 et
320 4331 343 4376 p.
362 4326 408 4376 321
430 4321 490 4362 nota
511 4327 531 4365 1.

248 4391 267 4457 ²)
287 4393 350 4444 cod.
370 4393 431 4445 Inst.
450 4407 472 4456 3,
490 4408 531 4456 44,
552 4405 572 4444 1.
591 4394 704 4459 Digesta,
719 4406 745 4456 9,
764 4403 787 4456 7,
805 4394 828 4444 8,
