3114 5130
754 498 815 546 100

284 666 377 749 Quae
406 687 480 728 cum
512 668 555 730 ita
579 669 658 743 sint,
684 668 809 730 videtur
832 679 864 730 et
888 670 1029 749 Ussingii
1053 670 1161 751 opinio
1184 670 1315 731 omnino

239 794 406 874 rejicienda
428 805 459 856 et
476 814 550 855 cum
563 793 656 855 huius
670 797 812 876 responsi
826 806 895 857 tum
908 806 940 857 et
955 797 1149 877 reliquorum
1162 794 1314 860 αὐθεντία

239 921 428 983 affirmanda
453 932 485 984 et
508 923 707 984 vindicanda.

284 1050 318 1109 ln
344 1049 449 1110 verbis
469 1069 561 1110 vero:
583 1049 720 1130 „Neque
738 1050 822 1110 enim
844 1051 874 1110 in
891 1051 1074 1112 universum
1095 1050 1214 1131 aliquid
1228 1051 1315 1131 quod

240 1176 331 1255 quasi
354 1186 476 1237 certam
500 1176 635 1237 formam
659 1174 778 1238 habeat
801 1177 952 1238 constitui
977 1177 1106 1258 potest”
1129 1198 1214 1258 quae
1226 1198 1316 1259 prae-

238 1304 347 1364 sertim
379 1303 558 1364 Puteanum
590 1312 622 1363 et
647 1303 686 1362 de
710 1303 739 1363 la
763 1303 867 1383 Berge
891 1303 1040 1365 videntur
1063 1303 1249 1379 offendisse,
1274 1304 1316 1365 nil

238 1431 370 1491 omnino
393 1430 551 1491 invenitur
573 1430 661 1509 quod
681 1449 755 1490 cum
777 1429 897 1509 reliqua
910 1431 1046 1510 epistula
1059 1441 1169 1512 aperte
1181 1441 1313 1512 pugnet.

239 1557 369 1619 Etenim
401 1556 466 1617 duo
498 1566 625 1618 tantum
658 1556 818 1635 Trajanus
842 1558 972 1619 statuit:
997 1579 1084 1633 „non
1109 1559 1316 1639 conquirendi

239 1693 330 1760 sunt,
357 1704 460 1764 neque
483 1684 667 1764 accipienda
686 1685 849 1745 accusatio
869 1685 936 1745 sine
950 1687 1078 1746 nomine
1092 1687 1232 1748 auctoris
1243 1706 1316 1767 pro-

239 1809 366 1892 posita'’
399 1820 431 1872 et
466 1811 513 1888 „si
548 1810 730 1871 deferantur
761 1820 792 1872 et
824 1822 1002 1891 arguantur
1033 1814 1185 1894 puniendi
1208 1813 1315 1879 sunt.''

239 1937 404 2020 Quidquid
424 1948 533 1999 autem
546 1947 671 2018 praeter
683 1937 762 1999 haec
775 1938 815 1999 ad
828 1938 963 2000 formam
976 1941 1167 2019 cognitionis
1180 1951 1316 2021 spectat,

239 2065 343 2126 sintne
365 2084 478 2125 omnes
497 2064 611 2125 eodem
632 2065 730 2125 modo
756 2065 925 2146 puniendi,
950 2075 1112 2128 tormenta
1135 2066 1317 2130 adhibenda

239 2202 271 2252 et
295 2192 355 2252 alia
379 2191 480 2252 multa
504 2191 600 2270 legati
624 2191 753 2252 arbitrio
777 2193 1015 2271 permittuntur.
1042 2191 1072 2274 ¹)

285 2316 359 2399 Qua
379 2319 409 2378 in
430 2338 464 2378 re
482 2316 562 2378 haec
581 2318 736 2397 epistulae
755 2338 829 2397 pars
848 2337 922 2378 cum
939 2317 1006 2378 aliis
1017 2318 1144 2398 Trajani
1158 2321 1318 2401 responsis

240 2445 372 2505 omnino
396 2445 553 2523 congruit.

285 2570 458 2633 Contendit
489 2570 617 2651 quidem
651 2571 828 2631 Puteanus:
858 2570 932 2648 „On
956 2593 979 2650 y
1003 2582 1073 2633 sent
1097 2571 1318 2653 l’epuisement

240 2696 316 2758 d’un
341 2697 491 2758 saussaire
514 2699 532 2756 a
558 2697 640 2782 bout
661 2695 818 2758 d’haleine
841 2684 895 2777 qui
921 2697 972 2760 n’a
993 2699 1065 2780 plus
1085 2700 1148 2760 rien
1163 2700 1204 2761 de
1216 2701 1317 2781 precis

240 2828 258 2885 a
281 2825 348 2886 dire
371 2834 403 2886 et
428 2825 482 2904 qui
506 2822 595 2884 n’ose
619 2844 652 2884 se
671 2823 826 2906 rdpe'ter.'’
849 2822 913 2886 Sed
925 2827 1063 2903 cuinam,
1079 2828 1202 2888 medius
1214 2827 1317 2903 fidius

239 2950 318 3012 haec
349 2951 446 3012 verba
477 2951 594 3011 addere
626 2950 676 3010 vel
701 2951 731 3011 in
756 2961 898 3013 mentem
921 2954 1029 3014 venire
1052 2955 1173 3034 potuit,
1201 2955 1227 3014 si
1251 2956 1319 3035 ipse

239 3077 400 3156 Trajanus
430 3098 468 3138 ea
499 3097 562 3137 non
594 3077 740 3158 scripsit?
771 3078 908 3140 Videtur
939 3079 1100 3141 Puteanus
1128 3080 1253 3141 falsario
1277 3082 1318 3141 illi

240 3203 456 3264 incredibilem
481 3203 657 3283 quamdam
681 3204 892 3283 interpolandi
916 3206 1110 3286 pruriginem
1134 3208 1318 3270 attribuere.

240 3331 363 3391 Verum
399 3328 478 3391 haec
510 3350 571 3389 non
604 3331 709 3390 minus
743 3331 850 3411 inepta
875 3351 973 3410 quam
997 3341 1102 3393 cetera
1125 3354 1210 3413 quae
1233 3335 1317 3395 idem

240 3458 287 3519 vir
309 3457 513 3518 doctissimus
537 3467 741 3518 commentus
770 3467 827 3518 est.

284 3583 381 3664 Quod
417 3592 582 3663 praeterea
614 3583 779 3645 contendit
810 3582 849 3643 de
880 3583 909 3644 la
940 3584 1044 3663 Berge
1061 3584 1094 3667 ²)
1120 3585 1247 3667 Trajani
1271 3606 1318 3647 re-

277 3812 298 3865 ι)
316 3807 422 3854 Accedit
449 3807 517 3868 quod
542 3806 666 3861 Traianus
688 3822 738 3853 non
758 3822 802 3868 pro
821 3806 935 3853 universo
954 3808 1070 3854 Romano
1088 3808 1193 3871 imperio
1211 3809 1255 3855 sed
1274 3825 1318 3871 pro

240 3887 295 3934 sola
321 3885 451 3948 provincia
479 3886 610 3947 llitlryniae
638 3901 668 3932 ea
696 3900 760 3947 qnae
787 3884 882 3946 scripsit
905 3893 959 3933 rata
977 3902 1029 3933 esse
1047 3886 1125 3932 voluit
1143 3886 1178 3932 cfr
1196 3887 1318 3935 Merirale

241 3965 344 4026 llistory
372 3965 399 4011 ol
423 3964 466 4010 tlre
495 3965 606 4011 Romans
635 3963 713 4010 under
737 3963 779 4009 tlre
805 3963 908 4024 Empire
931 3964 987 4013 Vol.
1012 3963 1074 4010 VIII
1100 3982 1123 4026 p.
1146 3966 1198 4023 148,
1218 3972 1276 4011 note
1294 3977 1317 4013 2.

239 4044 350 4105 „Trajan
375 4042 493 4104 caresully
512 4043 589 4089 lmrits
608 4042 645 4088 liis
663 4042 773 4089 decision
793 4048 818 4087 to
837 4041 879 4088 tlre
897 4043 1105 4105 particulareme
1123 4042 1172 4090 and
1189 4041 1317 4105 locality.'’

240 4123 314 4171 Unde
341 4122 407 4169 idem
431 4139 454 4170 v.
472 4122 496 4171 d.
515 4121 607 4168 eiliciat
626 4120 700 4167 haee:
718 4119 759 4178 „It
778 4120 797 4164 is
816 4134 874 4181 very
893 4119 1049 4167 remarkable
1068 4120 1122 4167 that
1141 4120 1184 4167 tlre
1203 4135 1319 4182 emperor

240 4201 329 4265 speaks
347 4202 374 4247 os
389 4201 459 4248 tlrese
478 4201 567 4263 people
585 4200 638 4260 (the
657 4199 807 4256 Christiaus)
825 4213 851 4244 as
867 4197 887 4242 iI
903 4198 933 4244 he
952 4198 1002 4245 luul
1022 4215 1098 4246 never
1115 4199 1194 4246 heard
1213 4198 1240 4246 os
1248 4199 1317 4245 thern

239 4280 349 4338 bel‘m·e'’‚
368 4281 484 4343 equidem
503 4295 552 4325 non
570 4278 698 4340 intellego.

274 4358 295 4423 Ἰ)
314 4361 353 4407 De
371 4359 396 4406 la
414 4359 494 4419 Ilerge
512 4359 538 4408 ll.
557 4375 598 4421 pp.
617 4370 666 4418 209
684 4373 719 4419 sq.
