3114 5130
791 481 831 549 62

274 674 388 736 stulas'
410 685 441 737 et
472 674 600 755 Trajani
625 675 776 755 rescripta
800 674 1016 736 diversitatem
1042 673 1198 748 invenieS,
1226 680 1259 733 ut
1284 668 1350 732 fieri

275 823 337 863 non
370 804 512 884 potuisse
543 802 729 882 intellegas,
756 811 790 864 ut
815 823 878 863 una
901 801 988 863 Plinii
1013 800 1167 882 epistulae
1188 819 1263 861 cum
1287 800 1349 860 Im-

274 932 428 1010 peratoris
452 932 612 1012 responsis
637 940 783 993 servatae
806 928 901 991 sint.''
923 926 953 1011 ¹)

319 1060 352 1118 ln
384 1059 543 1139 responsis
574 1058 658 1118 enim
691 1056 820 1136 Trajani
844 1065 972 1118 textum
995 1056 1039 1120 ait
1063 1075 1132 1116 esse
1155 1052 1350 1134 corruptissi-

273 1206 378 1259 mum,
415 1206 477 1246 non
510 1206 585 1247 vero
616 1186 647 1245 in
679 1185 766 1246 Plinii
794 1184 953 1266 epistulis:
979 1220 1021 1229 -·
1046 1185 1076 1244 in
1100 1182 1148 1243 his
1172 1191 1282 1244 contra
1306 1181 1350 1241 la-

273 1333 372 1373 cunas
392 1330 462 1374 esse
474 1312 672 1393 frequenteS‚
688 1311 717 1397 2)
731 1314 761 1373 111
774 1311 902 1392 Trajani
916 1311 1074 1392 rescriptis
1088 1311 1210 1372 nonnisi
1223 1308 1350 1370 duobus

273 1440 349 1501 locis
381 1440 583 1502 brevissimas
607 1441 737 1502 lacunas
762 1440 902 1501 inveniri.
917 1440 943 1522 ³)
968 1438 1032 1501 Sed
1055 1438 1134 1500 haec
1147 1439 1194 1499 vir
1205 1435 1351 1499 doctissi-

274 1588 345 1628 mus
380 1567 526 1630 subtilius
561 1588 660 1649 quam
684 1568 788 1628 verius
824 1567 988 1649 disputat:
1013 1567 1148 1642 etenim,
1173 1585 1254 1646 quas
1278 1563 1350 1624 Keil

273 1695 389 1775 aliique
421 1695 574 1770 editores,
608 1695 637 1755 in
662 1693 791 1774 Trajani
816 1694 974 1775 rescriptis
998 1693 1127 1755 lacunas
1150 1701 1236 1754 recte
1261 1701 1350 1753 nota-

273 1832 379 1896 runtp
400 1823 529 1884 lacunas
564 1823 631 1902 ipse
666 1841 775 1883 revera
807 1841 877 1883 esse
910 1830 1008 1901 negat
1038 1830 1070 1882 et
1093 1819 1251 1900 corruptis
1275 1818 1351 1879 locis

273 1951 381 2031 potius
412 1957 612 2011 annumerat.
626 1946 655 2028 ⁴)
689 1946 752 2009 Sed
785 1947 865 2010 haec
897 1968 961 2009 non
987 1947 1105 2010 multos
1129 1948 1213 2009 viros
1237 1946 1351 2007 doctos

277 2076 414 2157 probare
437 2076 598 2138 existimo,
662 2090 663 2094 ’

318 2204 407 2264 Idem
431 2201 632 2264 sentiendum
657 2201 698 2262 de
720 2198 966 2279 „emblematis”
992 2220 1075 2281 quae
1099 2199 1200 2262 multa
1220 2199 1352 2260 inPlinii

274 2328 416 2411 epistulis
447 2327 694 2409 deprehendisse
726 2326 785 2388 sibi
816 2327 959 2408 videtur,
992 2347 1065 2388 cum
1098 2327 1128 2387 in
1152 2325 1280 2406 Trajani
1304 2346 1352 2386 re-

274 2456 397 2537 scriptis
422 2454 506 2516 nulla
531 2455 661 2515 inveniri
686 2455 869 2539 contendat,
895 2452 958 2514 Sed
979 2463 1011 2516 et
1030 2452 1110 2514 haec
1130 2453 1350 2515 doctissimum

274 2585 377 2646 virum
408 2581 538 2643 finxisse
568 2583 675 2662 potius
707 2601 805 2661 quam
838 2581 991 2661 reperisse
1014 2581 1184 2655 concedet,
1208 2580 1352 2661 quisquis

274 2712 378 2792 ipsOS‚
403 2710 443 2770 de
466 2709 583 2790 quibus
607 2709 768 2790 disputat,
794 2709 881 2770 locos
904 2707 1072 2788 diligenter
1094 2707 1351 2769 consideraverit.

274 2838 383 2919 Quae,
410 2838 561 2919 quoniam
587 2838 655 2918 ipse
679 2836 848 2916 Ussingius
873 2836 929 2896 vix
955 2834 1018 2895 ullo
1038 2845 1230 2915 argumento
1243 2834 1352 2896 addito
1383 2883 1389 2894 .

274 2964 422 3047 protulit,
449 2974 480 3026 et
505 2963 581 3024 mihi
605 2964 635 3024 in
660 2965 722 3025 ima
744 2964 862 3043 pagina
882 2963 1061 3024 adscribere
1074 2961 1220 3024 sufficiat.
1235 2958 1263 3046 ⁵)
1279 2961 1352 3022 Non

274 3091 357 3151 enim
383 3110 499 3171 operae
523 3090 661 3170 pretium
687 3089 813 3151 videtur
836 3090 866 3149 in
893 3088 1011 3151 talibus
1035 3089 1088 3150 diu
1113 3089 1283 3150 immorari.

311 3278 329 3339 ¹)
348 3278 439 3339 Ussing
456 3277 482 3328 ll¹
501 3294 524 3340 p.
543 3290 582 3340 23.

313 3361 335 3420 2)
355 3358 383 3404 ’1.
404 3369 444 3418 233
463 3367 503 3418 273
521 3369 564 3415 41,
584 3368 607 3413 2;
626 3354 664 3418 56,
683 3369 706 3415 4.
728 3356 845 3413 tautrror
863 3369 922 3417 ergo
940 3356 1042 3403 lacunas
1060 3355 1084 3401 in
1105 3366 1134 3416 72
1151 3354 1224 3402 Plinii
1241 3354 1354 3418 epistulis

273 3439 377 3497 invenit,
401 3454 458 3485 cnm
485 3437 524 3484 vel
551 3437 602 3500 ipse
629 3435 690 3481 dnm
715 3435 803 3482 saltem
822 3435 846 3481 in
867 3446 894 3498 51
915 3435 1018 3497 Traiani
1036 3434 1160 3498 responsis
1177 3434 1279 3496 reperiri
1296 3449 1353 3480 con·

273 3519 353 3567 cedat.
373 3517 406 3565 Ut
419 3517 494 3580 igitur
512 3516 573 3563 haec
589 3515 674 3562 omnia
689 3514 806 3575 Ussingio
821 3515 966 3573 concedam,
982 3514 1055 3562 facile
1070 3512 1274 3575 intelligiturhoc
1284 3528 1354 3574 argn-

274 3605 386 3645 mentnm
404 3612 492 3660 parum
511 3597 601 3644 valere

309 3676 375 3736 3)’1’,
396 3675 426 3738 78
444 3683 468 3723 et
490 3686 542 3738 115.

308 3755 327 3816 ⁴)
347 3755 389 3805 eir.
414 3756 443 3804 T.
471 3768 510 3816 34,
533 3769 573 3815 44,
597 3753 637 3810 80,
658 3764 711 3802 121.
732 3754 783 3815 (De
804 3753 901 3815 llanlyi
918 3769 947 3801 en
966 3753 1112 3817 apographo
1125 3752 1262 3800 Bodleiano
1272 3767 1354 3800 emen·

273 3836 418 3884 dationibus
436 3833 498 3881 inira
516 3833 669 3896 disputabo).

309 3917 330 3975 ⁵)
347 3917 376 3965 T.
395 3913 435 3973 86,
454 3914 476 3960 Α
496 3913 626 3960 contendit
644 3913 736 3973 Ussing
754 3912 889 3974 legendnm
908 3928 974 3961 esse:
990 3913 1117 3972 „Gabium
1134 3914 1240 3962 Bassum
1253 3920 1354 3963 ,„v0t0

274 3995 367 4057 pariter
392 4001 417 4040 et
444 3991 562 4053 suffragio
589 4007 733 4054 prosequor,
752 3991 783 4037 ad
802 4006 838 4050 ea,
857 4008 920 4054 quae
938 4001 1020 4056 speret
1040 3993 1188 4040 instinctum
1206 3992 1354 4040 commilitio

274 4074 349 4132 tno'',
375 4073 409 4119 ita
427 4079 453 4118 nt
472 4071 533 4118 duas
551 4071 670 4134 epistulas
688 4071 718 4118 ’1.
736 4069 768 4117 86
785 4071 808 4116 Α
828 4079 853 4118 et
870 4073 894 4118 B
912 4073 936 4119 in
956 4089 1031 4121 unam
1050 4073 1194 4136 conjungat,
1213 4073 1302 4119 deletis
1320 4071 1355 4118 ul·

274 4154 340 4202 timis
368 4152 449 4200 verbis
476 4152 505 4200 T.
533 4150 566 4197 86
593 4152 615 4198 A
640 4166 687 4211 „ea
714 4149 762 4196 fide
788 4165 863 4212 qiiam
892 4152 937 4199 tibi
962 4153 1062 4200 debeo''
1080 4167 1144 4216 qnae
1161 4168 1191 4200 er
1209 4153 1355 4199 ultimorum

274 4234 400 4298 sequentis
419 4231 540 4295 epistulae
559 4232 691 4278 verborum
712 4230 861 4292 repetitione
880 4231 928 4278 hnc
947 4233 1024 4281 inlata
1042 4247 1095 4279 esse
1104 4232 1242 4280 contendit.
1253 4233 1288 4278 At
1297 4244 1355 4277 vero

274 4322 327 4361 tota
342 4314 385 4360 illa
403 4313 451 4372 (vel
471 4312 554 4375 potins
572 4319 677 4375 utraque
695 4310 750 4374 illa)
768 4310 874 4374 epistula
884 4320 1002 4376 corrupta
1011 4319 1048 4359 est
1059 4312 1144 4369 valde,
1154 4327 1236 4374 neque
1246 4308 1356 4372 Ussingii

273 4394 348 4440 lectio
366 4392 421 4439 aliis
440 4391 545 4438 multum
566 4390 664 4437 videtur
681 4395 814 4452 praestare.
