3114 5130
726 487 766 550 45

256 661 460 741 Responsum
481 659 542 723 hoc
561 660 714 738 Ussingio
735 678 939 738 nequaquam
957 657 1127 738 probatur:
1148 657 1201 737 qui
1216 666 1289 736 post

213 787 273 847 alia
315 787 491 867 quaedam,
527 806 610 866 quae
644 786 719 865 quia
755 784 818 845 huc
853 785 1010 865 pertinere
1046 803 1108 843 non
1142 783 1291 843 videntur

214 912 331 992 (neque
354 913 398 973 ita
421 912 521 972 facilia
545 919 619 972 sunt
642 910 818 990 intellectu)
844 909 1008 971 brevitatis
1028 910 1130 988 gratia
1150 918 1290 988 praeter-

213 1040 323 1113 mitto,
356 1038 417 1099 hoc
448 1040 634 1119 praesertim
668 1034 871 1119 reprehendit
891 1038 1065 1119 Trajanum
1090 1039 1126 1098 iis
1150 1037 1226 1117 „qui
1249 1057 1291 1096 ex
1341 1042 1346 1046 '

214 1164 396 1226 huiusmodi
427 1186 523 1225 causa
554 1167 584 1226 in
616 1165 797 1226 libertatem
825 1161 1080 1224 vindicarentur”
1113 1183 1176 1223 non
1200 1162 1291 1222 liber-

213 1300 313 1352 tatem
349 1291 449 1350 solam
484 1292 693 1365 concessisse,
729 1291 784 1351 sed
819 1290 994 1351 addidisse:
1031 1309 1157 1369 „neque
1188 1289 1291 1368 ipsam

215 1416 394 1476 libertatem
430 1415 648 1476 redimendam
683 1436 753 1476 esse
786 1417 889 1496 pretio
920 1412 1177 1477 alimentorum’.
1213 1414 1293 1474 Tale

217 1542 500 1630 verorescriptum
521 1551 553 1602 et
573 1541 717 1621 iniquum
738 1551 769 1601 et
789 1542 923 1602 stultum
944 1561 1013 1602 esse
1033 1540 1180 1618 affirmat,
1194 1541 1293 1600 immo

217 1689 256 1729 ne
287 1668 420 1748 exsequi
450 1667 584 1727 Plinium
615 1667 744 1747 quidem
775 1668 926 1747 potuisse.
953 1667 1030 1726 Inde
1053 1668 1167 1728 iterum
1194 1703 1232 1712 —
1258 1675 1293 1726 ut

217 1795 298 1856 solet
325 1830 363 1839 -
387 1793 482 1855 efficit
506 1792 675 1875 epistulam
699 1792 781 1854 hanc
804 1813 878 1854 cum
902 1793 968 1853 aliis
988 1792 1115 1872 Trajani
1134 1793 1294 1872 responsis

218 1942 404 2002 germanam
430 1941 493 1982 non
517 1941 587 1982 esse
610 1921 666 1981 sed
690 1943 708 1982 a
731 1920 856 1981 falsario
880 1919 1052 1981 confictam
1071 1917 1108 1995 ¹)ss

262 2049 417 2130 Quaestio
437 2047 516 2109 haec
536 2048 688 2128 impedita
707 2068 784 2108 sane
805 2057 854 2109 est
873 2047 1066 2125 et‘difficilis,
1088 2068 1151 2108 non
1166 2056 1294 2108 tantum

219 2176 263 2236 ob
286 2196 324 2235 ea
347 2196 430 2256 quac
453 2177 577 2237 notavit
600 2175 737 2254 Ussing,
763 2176 818 2235 sed
843 2175 886 2235 ob
910 2176 1011 2256 ipsam
1036 2196 1167 2256 quoque
1189 2177 1230 2235 rei
1255 2175 1295 2234 de

219 2324 283 2382 qua
317 2303 423 2381 agitur
455 2302 695 2363 obscuritatem.
721 2302 850 2363 Etenim
875 2324 958 2382 quae
978 2303 1019 2363 de
1038 2304 1226 2384 quaestione
1245 2302 1295 2362 illa

219 2429 305 2508 apud
336 2429 486 2508 antiquos
515 2429 684 2508 scriptores
715 2428 850 2508 legimus
878 2438 910 2490 et
934 2430 1125 2509 paucissima
1148 2438 1239 2502 sunt,
1265 2438 1297 2489 et

219 2556 300 2615 inter
331 2575 365 2614 se
395 2553 481 2614 haud
512 2575 625 2635 parum
653 2555 787 2616 diversa.
823 2554 939 2635 Neque
961 2575 1037 2615 vero
1062 2576 1119 2614 nos
1143 2555 1298 2615 deteriore

220 2681 405 2741 condicione
429 2681 547 2741 utimur
571 2701 669 2760 quam
694 2681 816 2760 antiqui
840 2681 922 2760 Juris
945 2680 1098 2754 consulti,
1123 2682 1297 2759 interquos

220 2808 260 2868 de
283 2806 343 2867 hae
366 2827 399 2867 re
424 2826 486 2866 non
512 2807 614 2886 magis
638 2806 764 2867 videtur
786 2797 982 2867 convenisse.

265 2932 329 2995 Sed
361 2943 469 2994 tamen
501 2953 543 2993 ex
574 2933 771 3013 quaestionis
802 2933 998 2993 obscuritate
1021 2931 1132 2992 inferre
1156 2931 1298 3012 prolecto

223 3080 286 3119 non
317 3058 389 3119 licet
418 3059 587 3138 epistulam
618 3059 701 3120 hanc
732 3080 751 3119 a
781 3058 920 3138 Trajano
943 3058 1034 3119 scribi
1059 3078 1121 3117 non
1146 3058 1298 3137 potuisse.

223 3185 256 3247 Si
291 3187 373 3246 enim
406 3205 443 3245 ea
474 3186 581 3246 omnia
604 3186 922 3266 quorumrationem
951 3205 1014 3244 non
1038 3184 1118 3245 illico
1143 3184 1319 3275 percipias⁸

223 3311 406 3372 danmanda
440 3311 622 3384 existimes,
659 3320 758 3371 restat
792 3320 826 3370 ut
852 3309 1036 3370 Harduinus
1059 3309 1108 3369 ille
1132 3330 1174 3368 ex
1197 3308 1300 3368 inferis

223 3439 280 3499 tibi
310 3437 499 3499 excitandus
523 3456 592 3496 esse
615 3437 770 3497 videatur.
808 3437 945 3497 Accedit
976 3435 1063 3516 quod
1087 3434 1228 3496 falsarius
1253 3434 1302 3494 ille

225 3566 382 3645 Ussingii,
415 3566 486 3644 qui,
520 3565 565 3625 uti
590 3584 686 3644 supra
712 3563 780 3642 jam
805 3563 947 3636 ostendi,
973 3565 1087 3625 aetatis
1111 3563 1191 3623 illius
1215 3562 1302 3642 leges

226 3712 395 3772 moresque
414 3691 541 3770 penitus
554 3700 672 3765 nosset,
687 3689 789 3750 multo
802 3690 927 3750 cautius
939 3689 1146 3750 offensionem
1160 3709 1300 3764 omnem,

226 3819 406 3898 fraudisque
428 3817 640 3896 suspicionem
665 3816 826 3877 evitasset.

271 3943 352 4020 Sed,
374 3941 438 4002 hoc
458 3942 591 4011 omiss0,
614 3950 649 4002 ut
667 3942 708 4001 ad
728 3942 951 4021 quaestionem
964 3943 1066 4023 ipsam
1079 3941 1301 4021 respondeam,

227 4072 328 4132 fateor
356 4089 432 4130 sane
462 4068 624 4129 decretum
656 4067 731 4127 illud
762 4066 906 4147 Trajani‚
941 4088 979 4127 ne
1008 4066 1083 4127 mihi
1106 4067 1235 4147 quidem
1260 4085 1301 4125 ex

266 4343 283 4399 ¹)
302 4345 394 4406 Ussing
410 4345 435 4391 ll.
453 4362 469 4407 p
500 4358 527 4405 13
