3114 5130
751 483 812 545 119

288 659 393 720 Aldus
416 678 510 733 vero,
535 658 589 737 qui
613 661 645 718 et
668 656 811 717 codicem
835 656 1028 728 Parisinum‚
1054 676 1072 715 a
1096 654 1262 715 Mocenico
1276 653 1316 713 ad

191 766 193 770 .
241 807 275 846 se
310 786 549 857 transmissum,
575 787 606 845 et
631 783 699 843 illos
722 783 829 863 quiin
855 782 944 843 ltalia
968 772 1203 851 servabantur(
1220 779 1317 840 libros

205 990 207 996 ³
241 902 394 993 inspicere
417 920 560 991 poterat,
585 930 649 969 non
673 910 798 970 videtur
817 908 952 988 Jucundi
973 907 1213 968 emendationes
1226 927 1243 966 e
1256 906 1317 968 Ca-

241 1051 357 1100 tanaeo
379 1039 588 1118 depromptas
612 1036 783 1117 probasse,
797 1036 853 1096 sed
867 1036 1157 1115 manuscriptorum
1170 1035 1316 1095 codicum

240 1167 407 1238 lectiones,
432 1185 512 1244 quas
535 1145 678 1243 optimas
700 1172 807 1233 norat,
832 1162 881 1222 vel
906 1163 1003 1223 etiam
1024 1182 1099 1222 suas
1117 1161 1316 1240 conjecturas

240 1292 435 1374 praetulisse.

286 1420 399 1498 Itaque
430 1418 507 1479 haec
539 1418 615 1479 satis
640 1417 846 1498 probabiliter
870 1417 945 1478 mihi
970 1417 1120 1479 videntur
1143 1438 1237 1498 posse
1261 1437 1317 1478 ex*

242 1544 358 1624 plicari.
386 1621 388 1624 Α

286 1670 400 1749 Longe
422 1669 576 1731 difficilior
596 1679 644 1731 est
664 1670 763 1731 altera
782 1671 947 1749 quaestio,
961 1671 1122 1732 undenam
1135 1670 1317 1733 Catanaeus

242 1797 392 1856 lectiones
415 1817 490 1856 suas
514 1796 663 1858 duxerit?
687 1797 742 1856 Ad
765 1817 864 1876 quam
890 1807 924 1859 ut
944 1798 1051 1877 paullo
1072 1798 1184 1859 saltem
1198 1797 1317 1859 facibus

243 1922 471 2001 respondeam,
497 1933 630 2003 quartus
654 1922 703 1982 ille
723 1922 811 1983 locus
835 1943 853 1982 a
877 1923 978 1983 tribus
1000 1925 1158 2004 prioribus
1172 1945 1315 1985 seorsum

241 2047 366 2109 videtur
389 2049 625 2139 exponendus.-

285 2174 425 2235 Primum
449 2176 552 2235 varias
572 2176 800 2256 corruptissimi
821 2174 914 2237 huius
927 2175 987 2237 loci
1000 2177 1151 2239 lectiones
1164 2178 1193 2238 in
1207 2179 1315 2258 primis

240 2323 323 2383 quae
350 2303 390 2362 ad
413 2322 533 2362 annum
568 2316 649 2382 1519
673 2299 811 2386 (inclus.)
835 2305 1021 2383 prodierunt
1045 2304 1236 2365 editionibus
1260 2324 1316 2364 ex·
1364 2319 1366 2322 ’

241 2429 394 2501 scribam,
420 2430 595 2509 praemissa
619 2430 743 2507 integra
767 2432 798 2489 et
822 2431 891 2509 ipsa
916 2433 947 2519 et
973 2430 1023 2491 illa
1047 2452 1132 2511 quae
1155 2431 1315 2512 praecedit

240 2556 391 2636 epistula,
425 2576 507 2636 quae
539 2557 567 2615 in
602 2554 759 2636 plerisque
787 2555 873 2617 libris
900 2577 973 2618 cum
997 2579 1034 2618 ea
1058 2560 1098 2619 de
1122 2580 1185 2638 qua
1208 2558 1315 2638 dispu-

240 2695 346 2745 tamus
369 2683 539 2762 conjuncta
564 2683 740 2762 legebatur.
766 2683 840 2764 Qua
865 2685 893 2744 in
919 2705 951 2744 re
978 2721 1008 2728 —
1032 2694 1066 2746 ut
1079 2685 1167 2747 facile
1179 2687 1315 2766 quisque

238 2811 392 2890 intellegit
421 2847 455 2854 -
485 2810 577 2870 Keilii
603 2810 741 2871 editione
764 2811 950 2890 praesertim
976 2831 1051 2871 usus
1076 2832 1156 2872 sum.

282 2937 344 3017 Ep.
370 2937 408 2999 T.
435 2935 477 2997 86
501 2937 545 2998 Α.
572 2935 690 3020 (Keil):
716 2935 877 3014 „Gavium
903 2937 1056 3009 Bassum,
1071 2938 1209 3011 domine,
1224 2957 1313 3018 prae·

237 3064 354 3126 sectum
392 3084 466 3124 orae
501 3064 668 3141 Ponticae,
705 3065 881 3143 integrum,
914 3064 1069 3144 probum,
1106 3065 1312 3139 industrium,

237 3201 334 3270 atque
366 3192 447 3252 inter
476 3191 535 3251 ista
560 3191 850 3252 reverentissimum
875 3191 936 3252 mei
960 3200 1130 3271 expertus,
1156 3201 1233 3252 voto
1257 3211 1313 3272 pa·

238 3319 329 3390 riter,
354 3328 386 3378 et
410 3317 561 3396 suffragio
585 3337 761 3397 prosequor
782 3337 819 3376 cn
843 3315 903 3378 tide
924 3336 1021 3396 quam
1046 3315 1108 3377 tibi
1129 3315 1251 3377 (lebeaf'

283 3436 345 3522 Epss
369 3443 407 3503 T.
434 3442 476 3502 86
499 3441 535 3502 B.
561 3439 679 3524 (Keil):
699 3443 726 3522 ¹)
753 3489 772 3518 „
787 3490 793 3503 .
810 3491 815 3501 .
832 3487 860 3506 ..
886 3462 982 3521 quam
1005 3463 1042 3502 ea
1056 3452 1251 3522 prtaesprrel
1263 3443 1313 3504 ia-

237 3577 399 3628 structmu
423 3567 615 3629 conum‘litz'o
639 3577 708 3644 lito,
733 3568 827 3629 rm'as
848 3567 1041 3646 discipliuae
1062 3568 1149 3629 (leber
1166 3569 1252 3649 quod
1268 3572 1313 3631 in-

237 3694 401 3773 dulgentia
428 3704 483 3756 tua
507 3695 623 3773 dignus
643 3704 702 3755 est.
727 3695 828 3775 Apud
853 3715 904 3755 me
928 3705 960 3756 et
984 3695 1098 3756 milites
1122 3706 1154 3757 et
1178 3698 1310 3775 pagani,

236 3844 255 3882 a
293 3821 411 3903 quibus
429 3821 554 3901 justitia
578 3823 645 3882 eius
669 3831 701 3882 et
723 3820 905 3882 humanitas
929 3823 1056 3902 penitus
1080 3823 1222 3903 inspecta
1246 3834 1310 3894 est,

236 3951 382 4011 certatim
408 3969 473 4030 qua
494 3949 642 4029 privatim
654 3969 718 4029 qua
731 3948 857 4029 publice
869 3951 1051 4010 testimonia
1064 3951 1310 4028 pertribuerunt.

237 4077 332 4157 Quod
353 4078 382 4137 in
408 4077 553 4138 notitiam
578 4085 667 4137 tuam
692 4074 814 4156 perfero
837 4095 873 4134 eu
887 4074 956 4158 fide
979 4095 1075 4153 qnam
1100 4075 1162 4135 nai
1189 4075 1310 4137 deheu'*

262 4256 427 4264 .-1-——a

272 4364 290 4431 ¹)
309 4365 424 4411 lacunam
442 4364 536 4412 indicat
556 4364 621 4414 Keil.
