3114 5130
750 491 768 553 7

269 668 312 722 2⁰.
349 662 453 724 Multo
489 683 565 723 vero
601 664 763 743 graviores
798 664 965 724 dubitandi
1001 664 1139 725 rationes
1170 665 1200 724 in
1224 664 1299 744 ipsis

223 790 430 869 epistularum
455 791 653 869 argumentis
676 790 733 851 sibi
758 790 884 851 videtur
907 791 1081 851 invenisse:
1103 810 1199 851 unam
1213 790 1297 850 enim

222 936 320 997 quam
352 918 477 997 scripsit
500 916 616 977 Plinius
640 918 679 977 de
704 916 889 979 Christianis
914 918 1082 998 epistulam
1108 919 1133 978 si
1158 918 1299 997 excipias

223 1041 307 1102 nulla
332 1043 463 1103 omnino
488 1043 568 1104 tanti
589 1042 714 1104 videtur
737 1063 823 1118 esse,
850 1053 885 1104 ut
907 1043 1024 1104 Plinius
1049 1064 1121 1105 cam
1146 1044 1298 1112 scribere,

222 1170 263 1230 ad
286 1189 384 1250 quam
409 1169 566 1249 Trajanus
590 1169 759 1230 rescribere
783 1171 933 1250 potuerit.
955 1167 985 1251 ¹)

269 1306 311 1374 3⁰.
345 1295 569 1373 „Offensuram
599 1306 763 1376 praeterea
794 1296 945 1358 lectorem
969 1307 1063 1377 putat
1087 1297 1300 1378 respondendi

222 1443 320 1504 quam
355 1424 422 1484 iniit
456 1423 612 1503 Trajanus
644 1424 799 1483 rationem
815 1468 910 1486 .....
942 1424 1058 1486 Merito
1090 1400 1245 1486 mirabere
1269 1425 1299 1485 in

222 1550 364 1631 epistolis
395 1549 503 1611 multis
533 1549 573 1609 ad
609 1549 758 1629 praefecti
782 1547 854 1634 (sic)
878 1529 1144 1631 interrogationes
1168 1573 1299 1632 respon-

223 1678 297 1738 dere
320 1679 363 1739 ita
386 1674 601 1762 (Caesarem),
629 1685 663 1738 ut
688 1676 762 1737 nihil
786 1676 849 1738 sere
873 1679 1034 1738 commodi
1058 1680 1179 1759 cepisse
1191 1681 1298 1741 videa-

225 1803 306 1866 tur.''
332 1805 400 1879 Ac,
426 1803 533 1865 multis
556 1803 651 1864 huius
674 1805 717 1864 rei
740 1804 897 1884 exemplis
922 1804 1040 1865 allatis:
1063 1805 1300 1883 ‚,Haecsufsec-

225 1941 310 2007 tura,
336 1932 454 2012 inquit,
479 1951 541 2011 ego
566 1930 697 2011 opinor,
723 1931 763 1991 ad
788 1931 1062 2011 comprobandam
1087 1935 1297 2009 sententiam,

224 2061 449 2140 imperatorem
493 2058 702 2138 prudentem,
745 2057 851 2137 qualia
894 2059 1118 2120 contineantur
1160 2060 1301 2140 epistolis

224 2187 336 2248 decimi
360 2185 428 2246 libri
453 2205 622 2265 responsa,
646 2184 721 2246 talia
733 2186 789 2244 vix
802 2186 921 2246 censeri
934 2206 1029 2266 posse
1041 2184 1256 2249 exhibuisse.''
1271 2187 1299 2266 ²²)

268 2312 313 2389 4⁰.
328 2313 445 2389 '„lam,
471 2312 515 2372 ita
539 2311 663 2391 pergit,
686 2312 710 2371 si
734 2311 935 2373 considerata
958 2311 1165 2392 epistolarum
1188 2314 1300 2387 forma,

224 2439 337 2500 trustra
368 2438 561 2518 quaesiveris
594 2438 747 2517 temporis
778 2459 843 2518 quo
874 2439 970 2500 datae
993 2440 1107 2500 luerint
1131 2439 1299 2509 indicium,

224 2565 421 2644 senserisque
463 2565 628 2644 egregium
672 2565 858 2645 exemplum
902 2566 1046 2646 Augusti
1081 2568 1298 2647 imperatoriS,

223 2712 321 2773 quem
349 2691 390 2752 ad
415 2691 565 2772 epistolas
589 2711 701 2751 omncs
725 2690 876 2752 horarum
900 2713 1030 2773 quoque
1054 2702 1218 2754 momenta
1243 2713 1300 2754 nec

224 2820 284 2880 diei
321 2819 435 2894 modu,
472 2818 584 2880 sedet
616 2819 735 2893 noctis,
770 2818 887 2897 quibus
911 2819 1006 2880 datae
1029 2818 1299 2898 significarentur,

224 2947 382 3008 addidisse
406 2945 580 3008 Suetonius
593 2944 619 3029 3)
642 2954 691 3007 est
716 2954 843 3021 auctor,
869 2944 955 3006 haud
980 2955 1125 3007 secutum
1140 2968 1208 3006 esse
1221 2946 1300 3007 Tra-

220 3074 350 3153 janum,
382 3075 436 3155 qui
466 3093 569 3153 neque
600 3073 684 3152 ipse,
708 3094 774 3153 quo
799 3081 944 3153 tempore
968 3073 1089 3135 dederit
1113 3074 1300 3154 epistolam,

224 3201 464 3282 significaverit,
499 3220 603 3279 neque
629 3200 760 3279 quando
785 3199 933 3280 praelecti
957 3201 1004 3261 sui
1029 3201 1183 3280 epistolae
1206 3201 1300 3262 datae

224 3337 346 3403 essent,
372 3326 586 3408 significatum
611 3327 746 3407 reperire
766 3327 923 3407 potuerit,
945 3347 1018 3387 cum
1032 3347 1160 3408 perraro
1173 3337 1300 3388 tautum

211 3456 319 3517 ¹insint
353 3456 383 3515 in
420 3453 500 3514 illius
532 3452 673 3534 epistolis
704 3455 857 3534 temporis
887 3454 1017 3530 indicia,
1043 3454 1161 3515 nullam
1186 3474 1300 3535 prope-

226 3807 263 3853 uc
280 3806 305 3853 la
321 3806 400 3867 Berge
416 3807 440 3852 in
455 3806 532 3854 libro:
549 3807 636 3866 „Essai
653 3823 694 3854 sur
711 3807 734 3854 le
753 3808 841 3869 Regae
860 3807 891 3854 (le
909 3807 1027 3868 'l'mjau’'
1041 3808 1109 3855 l'uris
1123 3807 1193 3868 1877.
1204 3825 1227 3871 p.
1241 3821 1299 3857 121:

223 3885 261 3945 „ll
280 3901 311 3932 ne
329 3885 381 3932 lunt
399 3884 464 3933 done
483 3902 526 3948 pas
545 3885 664 3933 clrerclier
682 3887 744 3933 druis
762 3894 827 3933 cette
846 3887 1063 3949 correspourlance
1082 3887 1102 3933 lc
1120 3892 1174 3949 type
1191 3888 1223 3934 du
1242 3905 1302 3950 gou-

224 3972 369 4012 vemement
388 3965 419 4011 de
437 3964 537 4026 'l‘rajan
557 3965 621 4012 Mais
639 3982 671 4013 ou
692 3966 765 4013 tirera
783 3966 826 4013 ‹les
842 3965 985 4014 inductionis
1001 3965 1124 4027 legitimus¹
1139 3967 1158 4013 si
1175 3965 1227 4014 l'ou
1243 3977 1301 4015 veut

224 4049 353 4092 conualtre
378 4044 475 4107 l'crprit
501 4045 531 4092 de
557 4061 585 4092 ce
603 4052 814 4107 gouvemement,
832 4061 874 4092 car
891 4054 929 4093 cet
949 4045 1025 4108 esprit
1044 4047 1196 4094 assuremeut
1216 4048 1302 4094 n'etuit

224 4141 268 4185 pas
285 4140 316 4171 en
336 4124 453 4186 llitlrynie
471 4134 540 4172 :ultre
559 4122 726 4186 qu'ailleurs.'’

261 4201 278 4262 ¹)
297 4204 364 4251 lleld
384 4204 409 4253 ll.
428 4221 468 4267 pp.
490 4217 537 4251 12·
557 4216 594 4264 ¹7·

260 4280 280 4343 2)
299 4282 367 4329 Helrl
385 4282 410 4331 ll,
428 4300 470 4345 pp.
491 4295 594 4342 17-20.

260 4357 278 4420 ³2
298 4361 365 4407 Suet.
385 4364 474 4408 (letav.
492 4362 520 4408 C.
541 4371 572 4423 50
