3114 5130
758 464 795 527 71

242 635 314 697 mile
338 635 484 697 videatur
507 656 581 696 eum
609 636 723 699 saltem
750 635 952 717 aliquatenus
977 635 1228 700 Christianorum
1249 637 1318 698 reli-

240 764 368 843 gionem
400 782 571 842 moresque
595 763 645 824 vel
669 763 764 825 fando
787 764 962 839 audivisse,
990 765 1164 846 (unacum
1189 763 1316 846 flagitiis
1396 817 1400 828 .

240 910 322 972 quae
348 888 405 950 illis
429 889 527 970 vulgo
551 889 813 975 affingebantur.)
827 890 848 972 ¹)

284 1016 364 1092 Sed,
390 1025 425 1078 ut
448 1018 516 1098 ipse
539 1017 663 1093 scribit,
686 1019 944 1098 „cognitionibus
964 1019 1004 1080 de
1023 1016 1209 1081 'Christianis
1225 1040 1317 1081 num-

238 1163 337 1224 quam
361 1142 583 1219 intersuerat’',
609 1164 785 1224 numquam
810 1146 877 1225 ipse
897 1145 927 1204 in
947 1145 1016 1205 illos
1035 1146 1252 1231 quaesiverat,
1274 1147 1318 1207 ita

240 1280 276 1332 ut
317 1270 414 1351 „quid
456 1280 489 1331 et
524 1280 683 1351 quatenus
717 1280 773 1333 aut
808 1260 918 1350 quaeri
952 1280 1009 1333 aut
1045 1273 1147 1351 puniri
1181 1271 1317 1335 soleret''

240 1398 382 1459 nesciret.
399 1395 536 1459 ¹Sciebat
556 1396 617 1459 hoc
630 1399 807 1478 generatim
820 1407 852 1458 et
865 1399 1010 1459 universe
1022 1419 1077 1459 eos
1090 1419 1160 1459 esse
1172 1398 1317 1460 homines

239 1523 282 1584 ob
313 1522 433 1604 flagitia
462 1524 580 1584 invisos
611 1533 643 1585 et
672 1545 692 1584 a
722 1524 879 1604 prioribus
903 1525 1154 1606 Imperatoribus
1185 1527 1318 1587 summis

239 1649 399 1731 suppliciis
421 1649 560 1711 affectos.
586 1650 690 1710 Immo
714 1649 800 1711 haud
824 1651 919 1731 longe
943 1673 961 1712 a
985 1652 1119 1713 veritate
1142 1673 1218 1713 vero
1242 1672 1316 1713 eum

240 1776 352 1838 abesse
384 1775 571 1850 crediderim
598 1777 652 1856 qui
684 1775 857 1836 contendat
881 1776 1013 1837 Plinium
1035 1776 1102 1856 jam
1125 1777 1200 1838 olim
1224 1776 1316 1839 illud:

171 1887 174 1891 ’
245 1924 325 1978 ,non
355 1903 428 1964 licet
458 1922 527 1963 esse
559 1898 778 1964 Christianos’'
809 1904 951 1979 novisse,
975 1905 1019 1965 ita
1043 1914 1077 1966 ut
1101 1905 1202 1985 probe
1225 1907 1318 1967 sciret

240 2049 351 2089 omnes
374 2030 429 2109 qui
453 2050 487 2089 se
511 2028 709 2092 Christianos
733 2049 802 2089 esse
825 2029 999 2092 faterentur
1017 2051 1144 2093 summo
1164 2032 1319 2113 supplicio

240 2176 309 2217 esse
333 2156 521 2236 puniendos.

284 2282 358 2342 Non
381 2282 477 2362 igitur
499 2283 657 2361 ignoratio
680 2280 733 2342 illa
753 2280 840 2341 Plinii
861 2283 891 2341 in
912 2281 1014 2361 majus
1035 2284 1078 2344 ita
1098 2284 1247 2363 augenda
1259 2292 1317 2360 est,

241 2417 275 2470 ut
298 2409 371 2470 lacit
394 2408 536 2490 Dupuy,
563 2417 598 2469 ut
623 2428 779 2488 negemus
803 2429 876 2469 eum
901 2407 1097 2471 Christianos
1121 2409 1179 2470 sibi
1192 2409 1319 2472 oblatos

240 2538 343 2618 capite
366 2537 521 2618 plexisse,
547 2545 602 2598 aut
625 2535 682 2596 illis
707 2536 879 2616 imperasse
905 2544 939 2597 ut
964 2537 1093 2616 imagini
1117 2537 1317 2617 imperatoris

241 2674 292 2725 tus
327 2664 475 2725 offerrent
509 2673 541 2725 et
576 2662 659 2723 male
694 2663 834 2724 dicerent
865 2661 1008 2725 Christo:
1039 2683 1076 2724 ea
1100 2665 1184 2724 enim
1209 2665 1317 2744 primis

240 2773 395 2871 epistulae
429 2790 534 2851 verbis
569 2810 774 2870 nequaquam
810 2799 1000 2870 repugnant.
1036 2791 1167 2870 Ignorat
1201 2790 1318 2852 Plinius

240 2915 360 2997 flagitia
384 2915 451 2992 illa,
476 2937 560 2997 quae
583 2913 770 2979 Christianis
793 2916 835 2977 ab
859 2917 1046 2978 adversariis
1066 2917 1316 2997 affingebantur:

240 3043 430 3106 infanticidia
467 3044 515 3124 (ut
550 3043 735 3106 Tertulliani
769 3042 927 3105 vocabulo
952 3044 1052 3124 utar),
1078 3043 1216 3106 incestus
1239 3043 1317 3119 alia,

238 3191 323 3252 quae
357 3190 434 3232 sane
467 3169 542 3230 olim
577 3190 619 3230 ex
654 3169 763 3250 populi
798 3170 928 3250 quidem
959 3190 1106 3231 sermone
1129 3181 1317 3252 exceperat,

240 3318 341 3380 quum
374 3317 449 3358 vero
482 3317 523 3357 ex
554 3296 589 3356 iis
617 3317 700 3376 quos
730 3296 781 3356 vel
804 3317 861 3376 per
884 3305 1045 3358 tormenta
1068 3299 1319 3378 interrogaverat

241 3423 315 3487 nihil
338 3425 401 3486 tale
423 3423 648 3503 comperisset,
671 3423 784 3485 merito
804 3423 1087 3499 commovebatur,
1109 3444 1232 3504 suoque
1247 3425 1318 3504 jure

239 3553 280 3616 ad
301 3553 530 3633 Imperatorem
552 3551 676 3631 scripsit
696 3571 729 3611 se
750 3547 843 3635 (jam)
864 3551 983 3611 nescire
1004 3552 1080 3631 quid
1092 3561 1148 3613 aut
1159 3561 1318 3632 quatenus

238 3680 348 3762 quaeri
378 3687 434 3740 aut
464 3677 567 3758 puniri
598 3676 723 3738 soleret.
757 3678 806 3738 At
834 3697 909 3738 vero
933 3677 1062 3758 planam
1086 3677 1179 3740 huius
1202 3679 1262 3741 loci
1285 3691 1318 3743 et

237 3807 360 3870 facilem
392 3805 656 3887 explicationem,
689 3825 787 3885 quam
818 3825 860 3865 ex
892 3805 1038 3867 universa
1061 3806 1197 3887 epistula
1221 3827 1318 3868 unus-

238 3935 373 4016 quisque
397 3942 512 4013 sponte
535 3931 714 4012 collegerit,
740 3951 945 4012 nequaquam
968 3931 1086 4012 probat
1104 3932 1245 4014 Dup‘uy:
1266 3934 1318 4011 „la

238 4058 354 4142 phrase
389 4058 531 4121 n'admet
563 4079 686 4120 aucune
710 4059 921 4139 explication,
946 4059 1035 4120 etant
1057 4079 1116 4139 par
1138 4057 1318 4120 elle-meme

274 4332 292 4394 ¹)
309 4334 352 4384 eir.
371 4335 469 4382 Amold
487 4336 512 4384 ll.
532 4354 554 4399 p.
574 4337 606 4384 28
624 4344 649 4383 et
668 4354 691 4401 p.
711 4337 751 4399 38.
769 4337 833 4386 Plin.
852 4337 899 4399 Ep.
917 4335 967 4382 VII
985 4347 1024 4398 31,
1044 4334 1056 4381 l
1076 4346 1113 4382 10.
