3114 5130
761 472 796 537 15

236 647 455 710 testimonium
480 657 512 708 et
534 667 618 727 quae
641 667 715 708 eum
735 647 804 726 ipso
829 645 1130 726 cohaerent‚quam
1143 645 1317 724 diligentis-

236 777 315 835 sime
341 784 454 853 potero
477 773 710 854 perscrutabor.

281 900 345 981 Qui
369 902 431 974 vir,
457 901 538 961 inter
561 901 676 961 aetatis
699 919 776 960 suae
799 899 936 960 editores
958 900 1071 960 merito
1083 899 1315 972 celeberrimus,

237 1029 305 1090 libri
333 1029 462 1109 dequo
486 1029 629 1107 agimuS,
655 1027 809 1106 originem
834 1024 895 1087 hoe
920 1026 1018 1086 modo
1042 1035 1183 1086 enarrat:

283 1152 457 1232 „Solebam
470 1190 512 1198 -
526 1155 568 1214 ita
593 1153 699 1213 scribit
722 1153 763 1212 ad
782 1152 940 1213 Aloisium
954 1153 1155 1213 Mocenicum
1168 1187 1210 1196 -
1224 1171 1318 1232 supe-

238 1281 372 1342 rioribus
404 1281 567 1341 annis...
601 1299 674 1340 cum
703 1288 759 1339 ant
783 1279 848 1339 Titi
871 1279 951 1338 Livii
971 1279 1122 1352 decades
1146 1300 1229 1360 quae
1255 1299 1317 1339 non

238 1418 366 1470 exstare
397 1408 586 1480 ereduntur,
619 1417 675 1468 aut
707 1403 846 1468 Sallustii
872 1416 928 1468 aut
952 1407 1049 1486 Trogi
1073 1405 1236 1480 historias,
1261 1416 1317 1467 aut

240 1536 385 1617 quemvis
416 1535 512 1594 alium
545 1554 587 1594 ex
611 1534 750 1614 antiquis
773 1533 958 1595 auctoribus
980 1513 1145 1594 inventum
1170 1553 1239 1594 esse
1262 1554 1318 1593 au-

239 1663 377 1735 diebam,
403 1681 505 1741 nugas
531 1661 635 1722 dicere
659 1669 691 1721 et
715 1659 846 1720 fabulas.
872 1657 936 1721 Sed
958 1680 999 1721 ex
1024 1680 1090 1741 quo
1114 1670 1148 1721 tu
1169 1659 1316 1733 eGallia,

241 1789 294 1850 ubi
326 1810 383 1870 pro
407 1787 528 1850 Senatu
553 1798 610 1849 tuo
634 1787 836 1867 integerrime
859 1797 891 1848 et
915 1788 1151 1848 accuratissime
1174 1786 1317 1866 legatum

241 1935 355 1995 agens,
392 1934 545 1995 magnam
580 1915 637 1976 tibi
669 1914 796 1975 laudem
829 1925 861 1976 et
895 1915 1030 1995 gloriam
1066 1918 1216 1997 peperisti
1220 1964 1316 1977 .....

240 2042 298 2104 has
332 2043 419 2104 Plinii
455 2042 606 2123 epistolas
640 2044 670 2102 in
705 2042 829 2103 Italiam
865 2043 1033 2123 reportasti
1069 2045 1100 2104 in
1132 2045 1319 2106 membrana

241 2171 375 2249 scriptas
404 2179 502 2249 atque
531 2167 612 2228 adeo
643 2168 773 2228 diversis
804 2189 823 2229 a
850 2169 965 2230 nostris
987 2167 1240 2245 characteribus,
1266 2181 1318 2246 ut,

243 2297 299 2357 nisi
326 2297 398 2376 quis
428 2296 481 2355 diu
505 2296 697 2369 assueverit,
722 2315 786 2355 non
810 2305 908 2375 queat
932 2296 1052 2375 legere,
1078 2299 1168 2378 coepi
1192 2317 1320 2377 sperare

242 2425 356 2484 mirum
380 2424 409 2483 in
436 2422 585 2495 modum,
610 2421 676 2481 sore
699 2431 806 2482 aetate
830 2432 954 2497 nostra,
978 2432 1013 2483 ut
1034 2423 1159 2503 plurimi
1173 2445 1215 2484 ex
1228 2424 1320 2485 bonis

241 2550 441 2623 auctoribus,
473 2569 554 2629 quos
583 2569 646 2608 non
677 2557 789 2610 extare
819 2549 993 2622 crerlimuS,
1025 2551 1235 2612 inveniantur.
1259 2551 1321 2613 Est

241 2679 325 2739 enim
348 2678 498 2738 volumen
520 2678 624 2757 ipsum
647 2697 710 2736 non
731 2676 834 2737 solum
855 2677 1138 2749 correctissimum,
1154 2678 1320 2738 sedetiam

242 2807 285 2867 ita
320 2806 488 2886 antiquum
513 2812 547 2864 ut
571 2812 683 2883 putem
707 2804 861 2884 scriptum
885 2803 973 2864 Plinii
997 2804 1196 2884 temporibus
1215 2802 1253 2888 ¹).
1268 2853 1274 2865 .
1290 2853 1321 2866 ..

242 2933 337 2994 Nunc
367 2943 475 2993 autem
503 2930 603 2991 >hasce
634 2928 772 2991 Secundi
801 2930 952 3011 epistolas
976 2914 1107 3008 damuS‚
1130 2952 1229 3010 quam
1253 2952 1322 2993 cor-

242 3061 450 3137 rectissimas,
485 3059 513 3118 in
546 3057 663 3138 quibus
694 3058 791 3118 etiam
817 3056 937 3117 multae
961 3066 1052 3136 sunt,
1079 3078 1162 3137 quae
1185 3057 1322 3120 antehae

243 3207 306 3247 non
336 3184 547 3246 habebantur.
580 3181 643 3244 Sed
675 3183 731 3243 tibi
761 3183 914 3263 imprimis
942 3180 1091 3243 habenda
1115 3192 1163 3244 est
1185 3184 1321 3264 plurima

242 3314 361 3392 gratia,
395 3310 513 3389 inelyte
545 3309 665 3376 Aloisi,
698 3311 752 3390 qui
783 3308 949 3389 exemplar
980 3310 1084 3389 ipsum
1113 3311 1320 3391 epistolarum

244 3439 413 3519 reportasti
449 3438 479 3497 in
511 3436 652 3509 ltaliam,
678 3435 819 3516 mihique
843 3435 957 3496 dedisti
983 3448 1017 3496 ut
1041 3456 1196 3497 excusum
1221 3439 1324 3518 publi-

239 3583 358 3627 carem.
391 3564 515 3625 Deinde
543 3563 689 3643 Jucunrlo
713 3562 907 3631 Veronensi,
931 3561 999 3621 viro
1023 3562 1174 3641 singulari
1198 3565 1325 3643 ingenio

280 3791 299 3853 ¹)
317 3792 373 3839 llae
391 3790 492 3854 quidem
513 3789 537 3835 in
557 3803 596 3845 re,
615 3796 641 3834 nt
659 3788 724 3834 bene
744 3787 848 3834 arlrmtat
860 3787 951 3848 Ussing
962 3788 999 3842 ¹ll.
1017 3806 1039 3852 p.
1053 3803 1077 3848 4.
1089 3788 1251 3836 vehementer
1260 3799 1324 3837 errat

244 3871 325 3918 ,lldus
350 3869 477 3929 ‚petentur
496 3867 585 3930 inquit,
605 3867 680 3914 Plinii
698 3872 780 3913 aetate
799 3873 822 3912 et
840 3866 916 3912 etiam
935 3867 1015 3913 multo
1033 3873 1089 3930 post
1107 3867 1248 3930 quadratis.
1262 3883 1325 3931 qnae

244 3959 377 4003 vocantur,
400 3949 490 3994 litters
518 3947 633 3993 solebant
662 3946 710 4004 uti,
737 3962 799 4008 quos
827 3945 940 4008 proiecto
967 3947 1062 4009 optime
1088 3953 1193 3994 noverat
1220 3947 1326 3995 Alrlus.”

245 4031 315 4077 llaec
341 4028 443 4091 quidem
471 4042 528 4072 vere
555 4025 592 4072 vir
620 4024 779 4072 doctissimus
788 4044 794 4083 ;
820 4026 864 4072 sed
891 4025 959 4087 quod
978 4025 1038 4072 inde
1057 4025 1131 4073 insert
1150 4027 1253 4072 minime
1271 4042 1327 4088 pro·

245 4109 355 4155 handum
383 4106 443 4152 mihi
471 4105 582 4152 ridetur:
609 4104 738 4150 contendit
758 4105 823 4151 enim
852 4104 946 4166 liquere
973 4104 1032 4150 imle
1050 4104 1162 4151 codicem
1183 4120 1231 4150 non
1251 4104 1325 4151 inisse

244 4197 368 4242 veterem,
395 4186 437 4232 sed
463 4192 588 4231 recentem
607 4183 680 4230 ualde
705 4192 728 4229 et
748 4184 918 4244 Germanicis,
937 4185 1023 4246 quales
1041 4185 1108 4248 apud
1127 4192 1209 4246 patres
1227 4193 1325 4230 nostros

244 4268 318 4327 vulgo
346 4268 370 4313 in
394 4281 439 4312 usu
463 4274 547 4320 erant,
565 4263 670 4317 litteris‚·
686 4263 765 4326 iisque
783 4265 865 4310 minus
884 4264 1029 4325 ermipnsitis
1047 4264 1169 4326 clarisque
1187 4271 1324 4313 exaratum.

245 4345 302 4406 Qua
319 4347 350 4393 de
374 4361 400 4392 re
420 4346 452 4392 sis
470 4345 512 4392 csr.
531 4343 619 4389 Variot
648 4343 710 4390 Rev.
728 4342 771 4388 eles
789 4342 868 4402 Quest
897 4343 955 4388 llist
987 4339 1049 4402 1878
1068 4343 1131 4389 Toni
1160 4354 1191 4401 24
1209 4358 1232 4405 p.
1255 4355 1307 4391 111.
