<?xml version="1.0" encoding="UTF-8"?>
<!DOCTYPE html PUBLIC "-//W3C//DTD XHTML 1.0 Transitional//EN"
    "http://www.w3.org/TR/xhtml1/DTD/xhtml1-transitional.dtd">
<html xmlns="http://www.w3.org/1999/xhtml" xml:lang="en" lang="en">
 <head>
  <title>
</title>
<meta http-equiv="Content-Type" content="text/html;charset=utf-8" />
  <meta name='ocr-system' content='tesseract 3.04.00' />
  <meta name='ocr-capabilities' content='ocr_page ocr_carea ocr_par ocr_line ocrx_word'/>
</head>
<body>
  <div class='ocr_page' id='page_1' title='image "./decpliniicaecil00plingoog_0127.png"; bbox 0 0 3114 5130; ppageno 0'>
   <div class='ocr_carea' id='block_1_1' title="bbox 744 479 805 539">
    <p class='ocr_par' dir='ltr' id='par_1_1' title="bbox 744 479 805 539">
     <span class='ocr_line' id='line_1_1' title="bbox 744 479 805 539; baseline 0 -17"><span class='ocrx_word' id='word_1_1' title='bbox 744 479 805 539; x_wconf 84' lang='lat'>114</span> 
     </span>
    </p>
   </div>
   <div class='ocr_carea' id='block_1_2' title="bbox 143 648 1392 3635">
    <p class='ocr_par' dir='ltr' id='par_1_2' title="bbox 143 648 1392 3635">
     <span class='ocr_line' id='line_1_2' title="bbox 282 648 1312 726; baseline 0 -18"><span class='ocrx_word' id='word_1_2' title='bbox 282 648 379 709; x_wconf 83' lang='lat' dir='ltr'>Haud</span> <span class='ocrx_word' id='word_1_3' title='bbox 409 648 474 709; x_wconf 86' lang='lat' dir='ltr'>scin</span> <span class='ocrx_word' id='word_1_4' title='bbox 506 669 545 708; x_wconf 92' lang='lat' dir='ltr'>an</span> <span class='ocrx_word' id='word_1_5' title='bbox 573 649 647 709; x_wconf 91' lang='lat' dir='ltr'>illud</span> <span class='ocrx_word' id='word_1_6' title='bbox 671 648 762 710; x_wconf 88' lang='lat' dir='ltr'>fuerit</span> <span class='ocrx_word' id='word_1_7' title='bbox 786 650 866 709; x_wconf 91' lang='lat' dir='ltr'>inter</span> <span class='ocrx_word' id='word_1_8' title='bbox 889 669 969 726; x_wconf 73' lang='lat' dir='ltr'>„sex</span> <span class='ocrx_word' id='word_1_9' title='bbox 992 648 1042 709; x_wconf 89' lang='lat' dir='ltr'>illa</span> <span class='ocrx_word' id='word_1_10' title='bbox 1066 648 1125 709; x_wconf 86' lang='lat' dir='ltr'>alia</span> <span class='ocrx_word' id='word_1_11' title='bbox 1148 649 1312 709; x_wconf 88' lang='lat' dir='ltr'>volumina</span> 
     </span>
     <span class='ocr_line' id='line_1_3' title="bbox 236 775 1392 863; baseline -0.002 -28"><span class='ocrx_word' id='word_1_12' title='bbox 236 775 450 857; x_wconf 88' lang='lat' dir='ltr'>epistolarum</span> <span class='ocrx_word' id='word_1_13' title='bbox 467 823 474 835; x_wconf 87' lang='lat'><strong>.</strong></span> <span class='ocrx_word' id='word_1_14' title='bbox 489 823 496 836; x_wconf 91' lang='lat'><strong>.</strong></span> <span class='ocrx_word' id='word_1_15' title='bbox 512 822 518 836; x_wconf 71' lang='grc'><strong>,</strong></span> <span class='ocrx_word' id='word_1_16' title='bbox 544 776 659 856; x_wconf 92' lang='lat' dir='ltr'>partim</span> <span class='ocrx_word' id='word_1_17' title='bbox 684 776 837 856; x_wconf 90' lang='lat' dir='ltr'>impressa</span> <span class='ocrx_word' id='word_1_18' title='bbox 857 775 1004 854; x_wconf 85' lang='lat' dir='ltr'>quidem,</span> <span class='ocrx_word' id='word_1_19' title='bbox 1019 775 1074 836; x_wconf 90' lang='lat' dir='ltr'>sed</span> <span class='ocrx_word' id='word_1_20' title='bbox 1087 795 1159 835; x_wconf 90' lang='lat' dir='ltr'>cum</span> <span class='ocrx_word' id='word_1_21' title='bbox 1173 776 1312 854; x_wconf 81' lang='lat' dir='ltr'>antiquis</span> <span class='ocrx_word' id='word_1_22' title='bbox 1383 848 1392 863; x_wconf 45' lang='lat'><strong>·</strong></span> 
     </span>
     <span class='ocr_line' id='line_1_4' title="bbox 143 900 1312 982; baseline -0.003 -20"><span class='ocrx_word' id='word_1_23' title='bbox 143 900 145 905; x_wconf 78' lang='grc'><strong>’</strong></span> <span class='ocrx_word' id='word_1_24' title='bbox 237 902 352 962; x_wconf 86' lang='lat' dir='ltr'>collata</span> <span class='ocrx_word' id='word_1_25' title='bbox 375 900 651 981; x_wconf 85' lang='lat' dir='ltr'>exemplaribus&#39;’‚</span> <span class='ocrx_word' id='word_1_26' title='bbox 672 922 756 982; x_wconf 87' lang='lat' dir='ltr'>quae</span> <span class='ocrx_word' id='word_1_27' title='bbox 776 901 882 962; x_wconf 72' lang='lat' dir='ltr'>llldus</span> <span class='ocrx_word' id='word_1_28' title='bbox 898 902 956 962; x_wconf 85' lang='lat' dir='ltr'>sibi</span> <span class='ocrx_word' id='word_1_29' title='bbox 968 923 986 962; x_wconf 93' lang='lat' dir='ltr'>a</span> <span class='ocrx_word' id='word_1_30' title='bbox 1000 901 1147 981; x_wconf 86' lang='lat' dir='ltr'>Jucundn</span> <span class='ocrx_word' id='word_1_31' title='bbox 1159 901 1312 963; x_wconf 86' lang='lat' dir='ltr'>Venetias</span> 
     </span>
     <span class='ocr_line' id='line_1_5' title="bbox 238 1026 729 1110; baseline 0 -22"><span class='ocrx_word' id='word_1_32' title='bbox 238 1028 423 1089; x_wconf 89' lang='lat' dir='ltr'>transmissa</span> <span class='ocrx_word' id='word_1_33' title='bbox 449 1048 518 1088; x_wconf 89' lang='lat' dir='ltr'>esse</span> <span class='ocrx_word' id='word_1_34' title='bbox 541 1027 678 1089; x_wconf 82' lang='lat' dir='ltr'>affirmat</span> <span class='ocrx_word' id='word_1_35' title='bbox 692 1026 729 1110; x_wconf 84' lang='lat'>¹).</span> 
     </span>
     <span class='ocr_line' id='line_1_6' title="bbox 283 1153 1313 1236; baseline -0.002 -20"><span class='ocrx_word' id='word_1_36' title='bbox 283 1155 410 1235; x_wconf 84' lang='lat' dir='ltr'>Operae</span> <span class='ocrx_word' id='word_1_37' title='bbox 432 1155 569 1236; x_wconf 90' lang='lat' dir='ltr'>pretium</span> <span class='ocrx_word' id='word_1_38' title='bbox 593 1155 684 1215; x_wconf 85' lang='lat' dir='ltr'>suerit</span> <span class='ocrx_word' id='word_1_39' title='bbox 707 1153 769 1215; x_wconf 86' lang='lat' dir='ltr'>hoc</span> <span class='ocrx_word' id='word_1_40' title='bbox 792 1155 862 1215; x_wconf 86' lang='lat' dir='ltr'>loco</span> <span class='ocrx_word' id='word_1_41' title='bbox 886 1153 1053 1215; x_wconf 88' lang='lat' dir='ltr'>nonnullas</span> <span class='ocrx_word' id='word_1_42' title='bbox 1077 1175 1120 1214; x_wconf 85' lang='lat' dir='ltr'>ex</span> <span class='ocrx_word' id='word_1_43' title='bbox 1139 1155 1232 1214; x_wconf 89' lang='lat' dir='ltr'>variis</span> <span class='ocrx_word' id='word_1_44' title='bbox 1252 1154 1313 1215; x_wconf 89' lang='lat' dir='ltr'>lec-</span> 
     </span>
     <span class='ocr_line' id='line_1_7' title="bbox 237 1280 1313 1361; baseline -0.003 -17"><span class='ocrx_word' id='word_1_45' title='bbox 237 1281 377 1344; x_wconf 79' lang='lat' dir='ltr'>tionibus</span> <span class='ocrx_word' id='word_1_46' title='bbox 401 1280 563 1360; x_wconf 88' lang='lat' dir='ltr'>subjicere.</span> <span class='ocrx_word' id='word_1_47' title='bbox 589 1282 627 1357; x_wconf 84' lang='lat' dir='ltr'>(B</span> <span class='ocrx_word' id='word_1_48' title='bbox 651 1283 787 1360; x_wconf 81' lang='lat' dir='ltr'>primam</span> <span class='ocrx_word' id='word_1_49' title='bbox 806 1301 938 1342; x_wconf 89' lang='lat' dir='ltr'>manum</span> <span class='ocrx_word' id='word_1_50' title='bbox 958 1282 975 1361; x_wconf 86' lang='lat' dir='ltr'>J</span> <span class='ocrx_word' id='word_1_51' title='bbox 995 1280 1127 1341; x_wconf 84' lang='lat' dir='ltr'>alteram</span> <span class='ocrx_word' id='word_1_52' title='bbox 1140 1281 1313 1360; x_wconf 86' lang='lat' dir='ltr'>designat.)</span> 
     </span>
     <span class='ocr_line' id='line_1_8' title="bbox 283 1404 1312 1490; baseline -0.001 -22"><span class='ocrx_word' id='word_1_53' title='bbox 283 1409 320 1468; x_wconf 79' lang='lat' dir='ltr'>T.</span> <span class='ocrx_word' id='word_1_54' title='bbox 370 1424 439 1486; x_wconf 89' lang='lat'>23,1</span> <span class='ocrx_word' id='word_1_55' title='bbox 469 1408 542 1489; x_wconf 82' lang='lat' dir='ltr'>(Ed.</span> <span class='ocrx_word' id='word_1_56' title='bbox 557 1404 646 1490; x_wconf 84' lang='lat' dir='ltr'>Keil)</span> <span class='ocrx_word' id='word_1_57' title='bbox 657 1405 781 1470; x_wconf 76' lang='lat' dir='ltr'>Aldus:</span> <span class='ocrx_word' id='word_1_58' title='bbox 800 1409 994 1490; x_wconf 72' lang='lat' dir='ltr'><strong>„Prusenses</strong></span> <span class='ocrx_word' id='word_1_59' title='bbox 1006 1407 1135 1467; x_wconf 79' lang='lat' dir='ltr'>domine</span> <span class='ocrx_word' id='word_1_60' title='bbox 1151 1407 1312 1471; x_wconf 84' lang='lat' dir='ltr'>balineum</span> 
     </span>
     <span class='ocr_line' id='line_1_9' title="bbox 471 1532 1315 1612; baseline 0.001 -19"><span class='ocrx_word' id='word_1_61' title='bbox 471 1532 592 1595; x_wconf 86' lang='lat' dir='ltr'>habent</span> <span class='ocrx_word' id='word_1_62' title='bbox 615 1543 647 1595; x_wconf 89' lang='lat' dir='ltr'>et</span> <span class='ocrx_word' id='word_1_63' title='bbox 671 1533 833 1595; x_wconf 91' lang='lat' dir='ltr'>sordidum</span> <span class='ocrx_word' id='word_1_64' title='bbox 855 1543 887 1594; x_wconf 93' lang='lat' dir='ltr'>et</span> <span class='ocrx_word' id='word_1_65' title='bbox 906 1543 1008 1594; x_wconf 73' lang='lat' dir='ltr'>vetus,</span> <span class='ocrx_word' id='word_1_66' title='bbox 1029 1533 1064 1594; x_wconf 93' lang='lat' dir='ltr'>ld</span> <span class='ocrx_word' id='word_1_67' title='bbox 1085 1535 1194 1612; x_wconf 85' lang='lat' dir='ltr'>itaque</span> <span class='ocrx_word' id='word_1_68' title='bbox 1214 1534 1315 1594; x_wconf 91' lang='lat' dir='ltr'>indul·</span> 
     </span>
     <span class='ocr_line' id='line_1_10' title="bbox 472 1659 1313 1740; baseline 0.001 -21"><span class='ocrx_word' id='word_1_69' title='bbox 472 1661 579 1738; x_wconf 78' lang='lat' dir='ltr'>gentia</span> <span class='ocrx_word' id='word_1_70' title='bbox 610 1669 666 1721; x_wconf 91' lang='lat' dir='ltr'>tua</span> <span class='ocrx_word' id='word_1_71' title='bbox 696 1660 863 1721; x_wconf 78' lang='lat' dir='ltr'>restituere</span> <span class='ocrx_word' id='word_1_72' title='bbox 893 1660 1083 1721; x_wconf 85' lang='lat' dir='ltr'>desiderant.</span> <span class='ocrx_word' id='word_1_73' title='bbox 1108 1659 1181 1740; x_wconf 85' lang='lat' dir='ltr'>Ego</span> <span class='ocrx_word' id='word_1_74' title='bbox 1205 1671 1313 1720; x_wconf 91' lang='lat' dir='ltr'>tamen</span> 
     </span>
     <span class='ocr_line' id='line_1_11' title="bbox 471 1786 1314 1869; baseline 0 -21"><span class='ocrx_word' id='word_1_75' title='bbox 471 1789 643 1850; x_wconf 87' lang='lat' dir='ltr'>aestimans</span> <span class='ocrx_word' id='word_1_76' title='bbox 679 1809 798 1849; x_wconf 87' lang='lat' dir='ltr'>novum</span> <span class='ocrx_word' id='word_1_77' title='bbox 833 1787 899 1848; x_wconf 87' lang='lat' dir='ltr'>fieri</span> <span class='ocrx_word' id='word_1_78' title='bbox 933 1789 1065 1869; x_wconf 75' lang='lat' dir='ltr'>debere,</span> <span class='ocrx_word' id='word_1_79' title='bbox 1097 1789 1211 1849; x_wconf 87' lang='lat' dir='ltr'>videris</span> <span class='ocrx_word' id='word_1_80' title='bbox 1240 1786 1314 1848; x_wconf 94' lang='lat' dir='ltr'>mihi</span> 
     </span>
     <span class='ocr_line' id='line_1_12' title="bbox 472 1914 1096 1996; baseline 0 -22"><span class='ocrx_word' id='word_1_81' title='bbox 472 1915 627 1976; x_wconf 87' lang='lat' dir='ltr'>desiderio</span> <span class='ocrx_word' id='word_1_82' title='bbox 651 1935 760 1975; x_wconf 91' lang='lat' dir='ltr'>eorum</span> <span class='ocrx_word' id='word_1_83' title='bbox 785 1914 948 1994; x_wconf 84' lang='lat' dir='ltr'>indulgere</span> <span class='ocrx_word' id='word_1_84' title='bbox 970 1914 1096 1996; x_wconf 82' lang='lat' dir='ltr'>posse.’&#39;</span> 
     </span>
     <span class='ocr_line' id='line_1_13' title="bbox 472 2037 1183 2122; baseline 0.004 -23"><span class='ocrx_word' id='word_1_85' title='bbox 472 2037 556 2100; x_wconf 79' lang='lat' dir='ltr'>Keil</span> <span class='ocrx_word' id='word_1_86' title='bbox 577 2040 724 2101; x_wconf 83' lang='lat' dir='ltr'>lacunam</span> <span class='ocrx_word' id='word_1_87' title='bbox 747 2041 864 2102; x_wconf 91' lang='lat' dir='ltr'>indicat</span> <span class='ocrx_word' id='word_1_88' title='bbox 887 2051 978 2122; x_wconf 88' lang='lat' dir='ltr'>post:</span> <span class='ocrx_word' id='word_1_89' title='bbox 1002 2043 1183 2103; x_wconf 84' lang='lat' dir='ltr'>aestimans</span> 
     </span>
     <span class='ocr_line' id='line_1_14' title="bbox 472 2164 1315 2248; baseline 0.006 -24"><span class='ocrx_word' id='word_1_90' title='bbox 472 2164 503 2224; x_wconf 85' lang='lat' dir='ltr'><em>B</em></span> <span class='ocrx_word' id='word_1_91' title='bbox 505 2214 601 2229; x_wconf 86' lang='grc'><strong>.....</strong></span> <span class='ocrx_word' id='word_1_92' title='bbox 639 2168 823 2244; x_wconf 73' lang='lat' dir='ltr'>„sordidum</span> <span class='ocrx_word' id='word_1_93' title='bbox 859 2178 891 2229; x_wconf 87' lang='lat' dir='ltr'>et</span> <span class='ocrx_word' id='word_1_94' title='bbox 925 2177 1028 2231; x_wconf 87' lang='lat' dir='ltr'>vetus.</span> <span class='ocrx_word' id='word_1_95' title='bbox 1064 2171 1177 2248; x_wconf 89' lang='lat' dir='ltr'>ltaque</span> <span class='ocrx_word' id='word_1_96' title='bbox 1208 2179 1315 2230; x_wconf 86' lang='lat' dir='ltr'>tamen</span> 
     </span>
     <span class='ocr_line' id='line_1_15' title="bbox 472 2294 1317 2375; baseline 0.002 -22"><span class='ocrx_word' id='word_1_97' title='bbox 472 2295 679 2355; x_wconf 78' lang='lat' dir='ltr'>aestimamus</span> <span class='ocrx_word' id='word_1_98' title='bbox 716 2315 836 2355; x_wconf 83' lang='lat' dir='ltr'>novum</span> <span class='ocrx_word' id='word_1_99' title='bbox 868 2294 950 2369; x_wconf 81' lang='lat' dir='ltr'>lieri,</span> <span class='ocrx_word' id='word_1_100' title='bbox 982 2295 1069 2375; x_wconf 86' lang='lat' dir='ltr'>quod</span> <span class='ocrx_word' id='word_1_101' title='bbox 1100 2297 1214 2356; x_wconf 85' lang='lat' dir='ltr'>videris</span> <span class='ocrx_word' id='word_1_102' title='bbox 1242 2294 1317 2357; x_wconf 91' lang='lat' dir='ltr'>mihi</span> 
     </span>
     <span class='ocr_line' id='line_1_16' title="bbox 473 2420 1101 2502; baseline 0.005 -23"><span class='ocrx_word' id='word_1_103' title='bbox 473 2420 628 2481; x_wconf 86' lang='lat' dir='ltr'>desiderio</span> <span class='ocrx_word' id='word_1_104' title='bbox 652 2440 762 2481; x_wconf 91' lang='lat' dir='ltr'>eorum</span> <span class='ocrx_word' id='word_1_105' title='bbox 789 2421 952 2500; x_wconf 80' lang='lat' dir='ltr'>indulgere</span> <span class='ocrx_word' id='word_1_106' title='bbox 975 2420 1101 2502; x_wconf 87' lang='lat' dir='ltr'>posse.”</span> 
     </span>
     <span class='ocr_line' id='line_1_17' title="bbox 472 2545 1316 2629; baseline -0.001 -20"><span class='ocrx_word' id='word_1_107' title='bbox 472 2547 582 2629; x_wconf 85' lang='lat' dir='ltr'>(Unde</span> <span class='ocrx_word' id='word_1_108' title='bbox 613 2547 744 2626; x_wconf 86' lang='lat' dir='ltr'>Hardy‚</span> <span class='ocrx_word' id='word_1_109' title='bbox 777 2549 831 2627; x_wconf 86' lang='lat' dir='ltr'>qui</span> <span class='ocrx_word' id='word_1_110' title='bbox 863 2545 1052 2628; x_wconf 81' lang='lat' dir='ltr'>apographo</span> <span class='ocrx_word' id='word_1_111' title='bbox 1076 2547 1128 2608; x_wconf 87' lang='lat' dir='ltr'>illo</span> <span class='ocrx_word' id='word_1_112' title='bbox 1152 2568 1227 2608; x_wconf 92' lang='lat' dir='ltr'>usus</span> <span class='ocrx_word' id='word_1_113' title='bbox 1251 2557 1316 2609; x_wconf 89' lang='lat' dir='ltr'>cst:</span> 
     </span>
     <span class='ocr_line' id='line_1_18' title="bbox 474 2672 1319 2754; baseline 0 -20"><span class='ocrx_word' id='word_1_114' title='bbox 474 2673 595 2754; x_wconf 74' lang='lat' dir='ltr'>„idque</span> <span class='ocrx_word' id='word_1_115' title='bbox 619 2683 685 2734; x_wconf 88' lang='lat' dir='ltr'>tam</span> <span class='ocrx_word' id='word_1_116' title='bbox 709 2673 844 2754; x_wconf 88' lang='lat' dir='ltr'>in(utile)</span> <span class='ocrx_word' id='word_1_117' title='bbox 869 2674 1040 2735; x_wconf 89' lang='lat' dir='ltr'>aestimant</span> <span class='ocrx_word' id='word_1_118' title='bbox 1064 2683 1099 2735; x_wconf 92' lang='lat' dir='ltr'>ut</span> <span class='ocrx_word' id='word_1_119' title='bbox 1120 2693 1239 2734; x_wconf 86' lang='lat' dir='ltr'>novum</span> <span class='ocrx_word' id='word_1_120' title='bbox 1253 2672 1319 2734; x_wconf 88' lang='lat' dir='ltr'>fieri</span> 
     </span>
     <span class='ocr_line' id='line_1_19' title="bbox 474 2797 1319 2884; baseline -0.001 -23"><span class='ocrx_word' id='word_1_121' title='bbox 474 2797 619 2884; x_wconf 87' lang='lat' dir='ltr'>(debeat)</span> <span class='ocrx_word' id='word_1_122' title='bbox 650 2801 736 2881; x_wconf 90' lang='lat' dir='ltr'>quod</span> <span class='ocrx_word' id='word_1_123' title='bbox 769 2800 883 2861; x_wconf 89' lang='lat' dir='ltr'>videris</span> <span class='ocrx_word' id='word_1_124' title='bbox 913 2799 989 2861; x_wconf 89' lang='lat' dir='ltr'>mihi</span> <span class='ocrx_word' id='word_1_125' title='bbox 1020 2800 1175 2861; x_wconf 87' lang='lat' dir='ltr'>desiderio</span> <span class='ocrx_word' id='word_1_126' title='bbox 1207 2820 1319 2861; x_wconf 88' lang='lat' dir='ltr'>eorum</span> 
     </span>
     <span class='ocr_line' id='line_1_20' title="bbox 477 2923 806 3006; baseline 0.006 -22"><span class='ocrx_word' id='word_1_127' title='bbox 477 2925 640 3004; x_wconf 84' lang='lat' dir='ltr'>indulgere</span> <span class='ocrx_word' id='word_1_128' title='bbox 663 2923 806 3006; x_wconf 77' lang='lat' dir='ltr'>possc.”)</span> 
     </span>
     <span class='ocr_line' id='line_1_21' title="bbox 287 3049 1262 3131; baseline 0.002 -19"><span class='ocrx_word' id='word_1_129' title='bbox 287 3052 324 3112; x_wconf 82' lang='lat' dir='ltr'>T.</span> <span class='ocrx_word' id='word_1_130' title='bbox 376 3068 445 3131; x_wconf 80' lang='lat'>39‚1</span> <span class='ocrx_word' id='word_1_131' title='bbox 474 3049 582 3112; x_wconf 76' lang='lat' dir='ltr'>Aldus</span> <span class='ocrx_word' id='word_1_132' title='bbox 608 3061 639 3112; x_wconf 92' lang='lat' dir='ltr'>et</span> <span class='ocrx_word' id='word_1_133' title='bbox 663 3049 724 3113; x_wconf 84' lang='lat' dir='ltr'>B..</span> <span class='ocrx_word' id='word_1_134' title='bbox 741 3101 768 3112; x_wconf 87' lang='lat'>..</span> <span class='ocrx_word' id='word_1_135' title='bbox 795 3053 902 3129; x_wconf 78' lang='lat' dir='ltr'>„rimis</span> <span class='ocrx_word' id='word_1_136' title='bbox 925 3051 1086 3113; x_wconf 74' lang='lat' dir='ltr'>descendit</span> <span class='ocrx_word' id='word_1_137' title='bbox 1108 3063 1140 3114; x_wconf 91' lang='lat' dir='ltr'>et</span> <span class='ocrx_word' id='word_1_138' title='bbox 1164 3051 1262 3115; x_wconf 88' lang='lat' dir='ltr'>hiat.&#39;’</span> 
     </span>
     <span class='ocr_line' id='line_1_22' title="bbox 432 3173 1319 3259; baseline 0.006 -23"><span class='ocrx_word' id='word_1_139' title='bbox 432 3184 435 3191; x_wconf 84' lang='grc'><em>“</em></span> <span class='ocrx_word' id='word_1_140' title='bbox 476 3174 539 3237; x_wconf 84' lang='lat' dir='ltr'>Sed</span> <span class='ocrx_word' id='word_1_141' title='bbox 570 3173 599 3245; x_wconf 88' lang='lat' dir='ltr'><em>J</em></span> <span class='ocrx_word' id='word_1_142' title='bbox 626 3177 670 3257; x_wconf 90' lang='lat' dir='ltr'>(iu</span> <span class='ocrx_word' id='word_1_143' title='bbox 702 3179 858 3259; x_wconf 76' lang='lat' dir='ltr'>margine)</span> <span class='ocrx_word' id='word_1_144' title='bbox 887 3179 995 3256; x_wconf 79' lang='lat' dir='ltr'>„rimis</span> <span class='ocrx_word' id='word_1_145' title='bbox 1019 3179 1141 3241; x_wconf 84' lang='lat' dir='ltr'>desedit</span> <span class='ocrx_word' id='word_1_146' title='bbox 1165 3189 1196 3241; x_wconf 92' lang='lat' dir='ltr'>et</span> <span class='ocrx_word' id='word_1_147' title='bbox 1220 3178 1319 3242; x_wconf 88' lang='lat' dir='ltr'>hiat.&#39;’</span> 
     </span>
     <span class='ocr_line' id='line_1_23' title="bbox 479 3302 1177 3386; baseline 0.004 -24"><span class='ocrx_word' id='word_1_148' title='bbox 479 3302 578 3384; x_wconf 85' lang='lat' dir='ltr'>(quod</span> <span class='ocrx_word' id='word_1_149' title='bbox 602 3313 687 3364; x_wconf 89' lang='lat' dir='ltr'>recte</span> <span class='ocrx_word' id='word_1_150' title='bbox 710 3304 836 3365; x_wconf 87' lang='lat' dir='ltr'>videtur</span> <span class='ocrx_word' id='word_1_151' title='bbox 858 3305 1013 3384; x_wconf 86' lang='lat' dir='ltr'>recepisse</span> <span class='ocrx_word' id='word_1_152' title='bbox 1039 3305 1177 3386; x_wconf 87' lang='lat' dir='ltr'>Hardy).</span> 
     </span>
     <span class='ocr_line' id='line_1_24' title="bbox 289 3426 1321 3513; baseline 0.005 -26"><span class='ocrx_word' id='word_1_153' title='bbox 289 3427 326 3487; x_wconf 82' lang='lat' dir='ltr'>T.</span> <span class='ocrx_word' id='word_1_154' title='bbox 375 3429 449 3505; x_wconf 85' lang='lat'><strong><em>78‚2</em></strong></span> <span class='ocrx_word' id='word_1_155' title='bbox 475 3426 656 3488; x_wconf 61' lang='lat' dir='ltr'>Avaritiae:</span> <span class='ocrx_word' id='word_1_156' title='bbox 682 3428 811 3506; x_wconf 76' lang='lat' dir='ltr'>„Plures</span> <span class='ocrx_word' id='word_1_157' title='bbox 835 3431 920 3513; x_wconf 84' lang='lat' dir='ltr'>enim</span> <span class='ocrx_word' id='word_1_158' title='bbox 944 3440 976 3491; x_wconf 90' lang='lat' dir='ltr'>et</span> <span class='ocrx_word' id='word_1_159' title='bbox 1000 3441 1122 3510; x_wconf 87' lang='lat' dir='ltr'>quanto</span> <span class='ocrx_word' id='word_1_160' title='bbox 1135 3431 1321 3493; x_wconf 86' lang='lat' dir='ltr'>infirmiores</span> 
     </span>
     <span class='ocr_line' id='line_1_25' title="bbox 477 3553 1321 3635; baseline 0.006 -21"><span class='ocrx_word' id='word_1_161' title='bbox 477 3565 569 3617; x_wconf 89' lang='lat' dir='ltr'>erunt</span> <span class='ocrx_word' id='word_1_162' title='bbox 600 3555 684 3616; x_wconf 91' lang='lat' dir='ltr'>idem</span> <span class='ocrx_word' id='word_1_163' title='bbox 708 3553 858 3616; x_wconf 85' lang='lat' dir='ltr'>fiduciam</span> <span class='ocrx_word' id='word_1_164' title='bbox 881 3555 1062 3635; x_wconf 79' lang='lat' dir='ltr'>diligentiae</span> <span class='ocrx_word' id='word_1_165' title='bbox 1085 3568 1159 3619; x_wconf 83' lang='lat' dir='ltr'>tuae</span> <span class='ocrx_word' id='word_1_166' title='bbox 1183 3557 1321 3619; x_wconf 88' lang='lat' dir='ltr'>habe0.&#39;&#39;</span> 
     </span>
    </p>
   </div>
   <div class='ocr_carea' id='block_1_3' title="bbox 477 3677 1320 3765">
    <p class='ocr_par' dir='ltr' id='par_1_3' title="bbox 477 3677 1320 3765">
     <span class='ocr_line' id='line_1_26' title="bbox 477 3677 1320 3765; baseline 0.006 -24"><span class='ocrx_word' id='word_1_167' title='bbox 477 3677 644 3748; x_wconf 87' lang='lat' dir='ltr'>Jaddidit</span> <span class='ocrx_word' id='word_1_168' title='bbox 674 3690 748 3762; x_wconf 90' lang='lat' dir='ltr'>post</span> <span class='ocrx_word' id='word_1_169' title='bbox 777 3680 921 3759; x_wconf 78' lang='lat' dir='ltr'>„idem’&#39;:</span> <span class='ocrx_word' id='word_1_170' title='bbox 954 3683 1108 3763; x_wconf 79' lang='lat' dir='ltr'>„petent”</span> <span class='ocrx_word' id='word_1_171' title='bbox 1134 3685 1234 3765; x_wconf 90' lang='lat' dir='ltr'>(quod</span> <span class='ocrx_word' id='word_1_172' title='bbox 1254 3685 1320 3764; x_wconf 89' lang='lat' dir='ltr'>jam</span> 
     </span>
    </p>
   </div>
   <div class='ocr_carea' id='block_1_4' title="bbox 479 3805 1169 3894">
    <p class='ocr_par' dir='ltr' id='par_1_4' title="bbox 479 3805 1169 3894">
     <span class='ocr_line' id='line_1_27' title="bbox 479 3805 1169 3894; baseline 0.009 -29"><span class='ocrx_word' id='word_1_173' title='bbox 479 3805 656 3884; x_wconf 85' lang='lat' dir='ltr'>conjecerat</span> <span class='ocrx_word' id='word_1_174' title='bbox 679 3806 853 3868; x_wconf 87' lang='lat' dir='ltr'>Beroaldus</span> <span class='ocrx_word' id='word_1_175' title='bbox 877 3817 909 3870; x_wconf 92' lang='lat' dir='ltr'>et</span> <span class='ocrx_word' id='word_1_176' title='bbox 931 3811 1049 3890; x_wconf 90' lang='lat' dir='ltr'>recepit</span> <span class='ocrx_word' id='word_1_177' title='bbox 1073 3808 1169 3894; x_wconf 90' lang='lat' dir='ltr'>Keil).</span> 
     </span>
    </p>
   </div>
   <div class='ocr_carea' id='block_1_5' title="bbox 479 3929 1322 4141">
    <p class='ocr_par' dir='ltr' id='par_1_5' title="bbox 479 3929 1322 4141">
     <span class='ocr_line' id='line_1_28' title="bbox 479 3929 1322 4015; baseline 0.012 -26"><span class='ocrx_word' id='word_1_178' title='bbox 479 3929 605 3992; x_wconf 75' lang='lat' dir='ltr'>Aldus:</span> <span class='ocrx_word' id='word_1_179' title='bbox 646 3932 776 4009; x_wconf 74' lang='lat' dir='ltr'>„Plures</span> <span class='ocrx_word' id='word_1_180' title='bbox 810 3935 894 3994; x_wconf 89' lang='lat' dir='ltr'>enim</span> <span class='ocrx_word' id='word_1_181' title='bbox 932 3934 1036 4015; x_wconf 87' lang='lat' dir='ltr'>(tanto</span> <span class='ocrx_word' id='word_1_182' title='bbox 1072 3937 1174 4015; x_wconf 83' lang='lat' dir='ltr'>magis</span> <span class='ocrx_word' id='word_1_183' title='bbox 1210 3938 1322 3998; x_wconf 90' lang='lat' dir='ltr'>eadem</span> 
     </span>
     <span class='ocr_line' id='line_1_29' title="bbox 479 4055 1321 4141; baseline 0.01 -23"><span class='ocrx_word' id='word_1_184' title='bbox 479 4055 651 4141; x_wconf 88' lang='lat' dir='ltr'>requirent)</span> <span class='ocrx_word' id='word_1_185' title='bbox 674 4069 797 4140; x_wconf 83' lang='lat' dir='ltr'>quanto</span> <span class='ocrx_word' id='word_1_186' title='bbox 821 4059 1008 4122; x_wconf 86' lang='lat' dir='ltr'>infirmiores</span> <span class='ocrx_word' id='word_1_187' title='bbox 1032 4073 1133 4124; x_wconf 91' lang='lat' dir='ltr'>erunt.</span> <span class='ocrx_word' id='word_1_188' title='bbox 1156 4063 1228 4124; x_wconf 91' lang='lat' dir='ltr'>Tibi</span> <span class='ocrx_word' id='word_1_189' title='bbox 1249 4085 1321 4126; x_wconf 86' lang='lat' dir='ltr'>eam</span> 
     </span>
    </p>
   </div>
   <div class='ocr_carea' id='block_1_6' title="bbox 480 4182 1069 4265">
    <p class='ocr_par' dir='ltr' id='par_1_6' title="bbox 480 4182 1069 4265">
     <span class='ocr_line' id='line_1_30' title="bbox 480 4182 1069 4265; baseline 0.005 -21"><span class='ocrx_word' id='word_1_190' title='bbox 480 4182 629 4245; x_wconf 83' lang='lat' dir='ltr'>fiduciam</span> <span class='ocrx_word' id='word_1_191' title='bbox 653 4185 834 4265; x_wconf 80' lang='lat' dir='ltr'>diligentiae</span> <span class='ocrx_word' id='word_1_192' title='bbox 858 4184 962 4246; x_wconf 90' lang='lat' dir='ltr'>habeo</span> <span class='ocrx_word' id='word_1_193' title='bbox 986 4185 1069 4247; x_wconf 85' lang='lat' dir='ltr'>cet.”</span> 
     </span>
    </p>
   </div>
   <div class='ocr_carea' id='block_1_7' title="bbox 283 4333 643 4397">
    <p class='ocr_par' dir='ltr' id='par_1_7' title="bbox 283 4333 643 4397">
     <span class='ocr_line' id='line_1_31' title="bbox 283 4333 643 4397; baseline 0.008 -16"><span class='ocrx_word' id='word_1_194' title='bbox 283 4333 301 4396; x_wconf 86' lang='lat'>¹)</span> <span class='ocrx_word' id='word_1_195' title='bbox 319 4333 363 4385; x_wconf 78' lang='lat' dir='ltr'>cfr.</span> <span class='ocrx_word' id='word_1_196' title='bbox 381 4333 440 4381; x_wconf 88' lang='lat' dir='ltr'>Keil</span> <span class='ocrx_word' id='word_1_197' title='bbox 458 4333 484 4384; x_wconf 84' lang='lat' dir='ltr'>ll.</span> <span class='ocrx_word' id='word_1_198' title='bbox 504 4351 527 4397; x_wconf 90' lang='lat' dir='ltr'>p.</span> <span class='ocrx_word' id='word_1_199' title='bbox 546 4333 643 4384; x_wconf 79' lang='lat' dir='ltr'>XXIII.</span> 
     </span>
    </p>
   </div>
   <div class='ocr_carea' id='block_1_8' title="bbox 0 0 1578 5130">
    <p class='ocr_par' dir='ltr' id='par_1_8' title="bbox 0 0 1578 5130">
     <span class='ocr_line' id='line_1_32' title="bbox 0 0 1578 5130; baseline 0 0"><span class='ocrx_word' id='word_1_200' title='bbox 0 0 1578 5130; x_wconf 95' lang='lat' dir='ltr'> </span> 
     </span>
    </p>
   </div>
  </div>
 </body>
</html>
