3114 5130
762 473 804 552 76

242 668 296 746 qui
322 667 465 728 entraine
489 667 586 726 crime
608 674 640 725 et
663 663 744 725 celui
768 665 821 744 qui
845 685 884 724 ne
897 661 1063 724 l’entraine
1075 659 1164 743 pas.''
1184 658 1216 745 ¹)
1231 661 1321 721 Haec

242 801 352 853 autem
387 793 434 852 vir
455 792 659 853 doctissimus
683 800 768 853 recte
794 802 891 870 negat
915 790 1054 870 intellegi
1078 810 1190 870 posse,
1216 808 1321 867 neque

241 919 378 979 scribere
411 919 545 979 Plinium
576 918 736 999 potuisse:
767 937 879 978 verum
913 937 977 977 non
1006 916 1081 977 illud
1104 916 1177 977 inde
1201 914 1321 994 colligit

242 1046 341 1107 verba
375 1045 504 1107 laudata
539 1046 582 1106 ita
615 1044 804 1124 explicanda
837 1065 900 1105 non
933 1065 1019 1119 esse,
1045 1043 1101 1104 sed
1126 1041 1188 1104 hoc
1211 1043 1319 1122 potius

242 1172 435 1233 sententiam
457 1170 540 1231 hane
565 1168 614 1255 (et
637 1171 795 1250 integram
820 1189 914 1250 porro
939 1170 1123 1250 epistulam)
1149 1190 1218 1230 esse
1243 1189 1319 1248 spu·

229 1283 330 1360 riam.
363 1298 437 1358 Non
468 1298 548 1359 vidit
570 1297 688 1358 scilicet
712 1317 827 1377 parum
852 1296 965 1358 referre
990 1306 1096 1359 utrum
1122 1295 1318 1374 „non-sens''

240 1425 316 1486 illud
339 1426 438 1486 Plinio
461 1446 501 1486 an
527 1424 651 1486 falsario
676 1424 804 1486 tribuat.

287 1552 361 1612 Non
385 1553 488 1632 magis
512 1572 610 1632 quarn
634 1551 777 1612 Puteano
801 1549 913 1610 eadem
934 1549 1033 1611 verba
1045 1549 1166 1610 Aubeo
1179 1549 1316 1630 placent,

243 1680 297 1758 qui
328 1677 573 1758 repugnantiam
596 1675 771 1756 quamdam
798 1675 856 1736 sibi
880 1676 965 1735 visus
989 1684 1038 1736 est
1061 1675 1214 1754 reperisse
1237 1675 1318 1737 inter

242 1803 322 1864 haee
357 1803 445 1863 Plinii
478 1802 594 1863 verba:
627 1803 756 1878 „nescio
788 1801 865 1880 quid
897 1811 929 1862 et
952 1809 1111 1880 quatenus
1135 1809 1192 1862 aut
1215 1801 1317 1881 puniri

243 1927 344 1987 soleat
375 1937 432 1988 aut
455 1926 584 2007 quaeri''
611 1937 642 1987 et
666 1926 745 1987 haec
768 1927 845 1988 alia:
870 1926 1013 2007 „flagitia
1036 1927 1239 1988 cohaerentia
1263 1948 1318 1987 no-

244 2050 349 2127 mini,'’
382 2051 415 2114 Si
441 2054 540 2114 nescit
563 2053 640 2132 quid
664 2053 703 2113 sit
729 2053 968 2134 quaerendum,
993 2055 1159 2135 quomodo
1182 2056 1318 2116 scribere

242 2188 351 2259 potest
381 2179 436 2241 de:
469 2178 618 2258 „flagitiis
649 2180 768 2240 nomini
802 2179 1068 2242 cohaerentibus’'
1101 2181 1168 2260 „les
1199 2182 1318 2244 forfaits

243 2304 457 2384 inseparables
474 2305 503 2385 ²)
535 2305 578 2366 du
602 2325 678 2365 nom
701 2306 741 2366 de
768 2306 951 2368 Chretien.''
977 2308 1142 2385 Tacitum,
1168 2308 1317 2372 Suetoni-

243 2451 378 2511 umque‚
411 2432 471 2507 ait,
501 2431 541 2492 de
570 2431 696 2512 flagitiis
728 2432 785 2493 illis
817 2433 946 2513 quidem
974 2435 1151 2515 scripsisse,
1177 2436 1232 2496 sed
1256 2435 1315 2497 hos

242 2558 329 2639 vulgi
356 2569 482 2621 tanturn
506 2579 669 2620 sermones
693 2559 852 2621 retulisse:
876 2560 1011 2621 Plinium
1034 2582 1111 2622 vero
1134 2570 1201 2622 tam
1226 2563 1316 2642 igna-

241 2706 311 2746 rum
335 2707 404 2746 esse
428 2706 491 2746 non
515 2687 667 2767 potuisse.
680 2687 704 2763 ³)
729 2687 809 2768 Quis
833 2688 863 2748 in
886 2686 1314 2750 hiscenonvidetllubeum

239 2813 382 2874 Puteano
407 2822 516 2875 nostro
539 2813 669 2874 omnino
693 2813 876 2875 adversari?
901 2814 1042 2877 Offendit
1065 2815 1200 2877 alterum
1225 2818 1315 2896 igno-

240 2940 320 3001 ratio
344 2939 431 2999 Plinii
454 2940 589 3000 alterum
613 2941 758 3002 scientia:

439 3123 456 3148 ‚‚
476 3124 702 3139 ..........
721 3090 788 3136 velut
807 3090 875 3137 silvis
893 3091 936 3138 ubi
955 3093 1046 3154 [iussim
1187 3128 1195 3154 ,

441 3169 576 3228 „l'alautes
592 3186 661 3216 error
677 3176 745 3217 certo
763 3171 794 3217 de
812 3172 911 3218 tramite
928 3171 1011 3234 pellit,

441 3248 504 3303 „lile
522 3248 688 3296 sinistrorsum
706 3248 746 3295 hic
766 3250 922 3298 dextrorsum
940 3252 1006 3302 abit:
1025 3268 1088 3299 unus
1106 3253 1204 3316 utrique

440 3328 534 3386 „Error
551 3328 594 3374 sed
613 3328 686 3375 variis
706 3329 787 3376 illudit
805 3328 943 3393 partibus.’'
954 3328 974 3386 ⁴1

283 3458 347 3519 Sed
372 3457 451 3519 haec
470 3459 537 3538 jam
561 3459 689 3520 abunde
713 3461 862 3523 videntur
886 3461 1051 3530 confutata
1075 3463 1110 3522 iis
1122 3482 1206 3542 quae
1219 3483 1314 3543 supra

238 3587 390 3647 adversus
415 3586 548 3647 Puteani
571 3588 712 3666 argutias
736 3587 912 3668 disputavi:
938 3608 1038 3668 quare
1059 3587 1144 3649 hisee
1164 3589 1313 3668 equidem

239 3712 395 3790 „verbum
421 3732 484 3772 non
507 3713 644 3793 amplius
668 3713 817 3774 addanr.'’

276 3959 292 4019 ¹)
311 3962 318 4007 i
345 3979 357 4009 e
385 3967 445 4026 (non
465 3964 531 4011 euim
550 3965 585 4012 ita
603 3965 685 4012 incilia
704 3974 760 4014 suut
779 3967 841 4013 llaec
858 3967 1054 4018 intellectu125it
1065 3983 1095 4013 ne
1106 3966 1261 4028 puniendum
1271 3984 1314 4015 no·

238 4056 295 4086 men
313 4042 394 4104 ipsum
413 4044 452 4091 eui
470 4043 565 4104 tlagitia
581 4044 749 4092 cohaereant?
766 4047 815 4105 t,‚le
825 4062 884 4092 nour
894 4046 936 4108 qui
945 4047 1057 4095 entraine
1067 4044 1169 4102 erime’U
1179 4062 1210 4092 an
1220 4062 1313 4094 nomen

236 4123 303 4182 quod
324 4123 423 4184 tlagitiis
440 4130 524 4170 careat
542 4124 592 4184 (,‚le
609 4139 668 4171 nom
689 4124 729 4186 qui
746 4141 776 4171 ue
787 4122 1007 4188 l’ent1·ainepas''t.
1018 4125 1105 4172 Risum
1117 4125 1305 4172 teneatisaruiei

273 4199 292 4259 ²)
312 4203 384 4249 llaec
402 4219 453 4250 non
470 4204 575 4250 ornnino
593 4211 659 4250 recte
678 4204 774 4251 videtur
791 4205 942 4252 intellexisse
961 4205 997 4251 vir
1014 4205 1180 4253 doctissimus.

271 4279 291 4340 3)
312 4282 384 4329 Aubc'·
402 4282 428 4329 ll.
447 4300 469 4345 p.
489 4295 545 4332 212.

273 4358 295 4420 ⁴¹)
315 4361 405 4410 llorat.
424 4363 476 4411 Sat.
495 4362 520 4408 ΙΙ
538 4375 560 4423 3,
577 4360 609 4422 48
627 4377 680 4425 sqq.
