3114 5130
753 448 793 507 88

237 634 381 695 Puteano
417 634 492 695 illud
528 634 728 695 efficiendum
760 644 809 696 est
839 637 1032 697 sententiam
1063 655 1133 696 esse
1155 637 1313 716 spuriam,

237 760 293 821 sed
317 759 379 821 hoc
401 761 508 841 potius
531 761 666 822 eandem
690 760 781 823 aliter
804 762 1037 842 explicandam.

281 887 382 949 Recte
407 896 513 950 totum
536 888 641 949 locum
666 888 800 968 exponit
823 888 966 949 Amold:

282 1012 458 1090 „Solebant
489 1015 527 1089 ii,
556 1015 599 1076 ita
624 1015 686 1076 fere
709 1014 757 1076 vir
779 1014 1001 1090 doctissimuS,
1028 1016 1083 1096 qui
1105 1016 1146 1076 ad
1169 1015 1314 1076 sodalitia

237 1139 449 1220 accedebant,
474 1150 531 1204 aut
550 1142 709 1221 mysteriis
721 1142 944 1222 initiabantur,
958 1153 1198 1204 sacramentum
1212 1142 1316 1203 dicere

238 1289 272 1328 se
302 1268 404 1329 scelus
437 1268 558 1330 nullum
590 1269 802 1345 admissumS,
828 1271 983 1349 mysteria
1007 1289 1070 1330 non
1094 1270 1315 1351 divulgaturos

237 1393 362 1474 aliaque
393 1394 424 1455 id
455 1415 567 1475 genus.
586 1392 608 1476 ¹)
633 1394 766 1456 Plinium
792 1417 869 1477 ergo
893 1395 1091 1459 Christianos
1114 1417 1246 1478 quoque
1270 1398 1315 1458 in-

237 1529 417 1601 terrogasse
435 1521 638 1599 crediderim,
658 1543 800 1603 quonam
813 1534 1014 1585 sacramento
1027 1523 1312 1605 obstringerentur.

239 1647 302 1728 Qui
325 1669 399 1709 cum
423 1639 678 1729 respondissent,
703 1670 737 1710 se
760 1649 801 1711 ad
825 1649 947 1711 nullum
972 1650 1076 1711 scelus
1102 1671 1137 1711 se
1161 1651 1313 1731 obligare,

238 1776 294 1837 sed
325 1797 387 1854 „ne
415 1776 512 1838 fidem
535 1776 677 1838 fallerent
701 1774 782 1839 etc.’'
808 1776 887 1839 haec
910 1777 1027 1838 Plinius
1050 1778 1093 1839 ita
1119 1778 1246 1839 viderur
1270 1779 1316 1838 in-

238 1903 413 1980 tellexisse,
449 1924 487 1965 ac
517 1904 543 1965 si
573 1904 699 1984 quoties
729 1904 953 1966 convenissent
984 1913 1220 1965 sacramentum
1253 1904 1315 1965 tale

239 2030 342 2091 dicere
377 2029 524 2093 solerent.
561 2029 657 2112 Quod
693 2050 767 2091 cum
800 2031 831 2090 in
866 2030 1005 2109 ecclesiis
1041 2041 1073 2092 et
1103 2032 1317 2093 conventibus

239 2156 492 2219 Christianorum
516 2176 720 2238 nequaquam
747 2156 855 2233 fieret,
881 2178 920 2217 ne
943 2157 1159 2219 Tertullianus
1175 2158 1316 2239 quidem,

239 2285 295 2364 qui
329 2283 415 2345 hunc
448 2284 552 2364 ipsum
589 2283 677 2344 Plinii
708 2284 815 2345 locum
845 2284 963 2360 adfert,
997 2284 1085 2345 Plinii
1109 2284 1208 2346 verba
1233 2296 1318 2348 recte

239 2411 365 2472 videtur
399 2410 609 2485 intellexisse;
645 2410 702 2471 sed
733 2430 771 2470 ea
799 2410 1025 2489 interpretatus
1055 2431 1124 2471 esse
1154 2431 1192 2472 ac
1220 2411 1246 2471 si
1274 2411 1315 2472 de

240 2537 493 2600 Christianorum
526 2536 733 2599 sacramentis
763 2535 848 2598 dicta
876 2545 991 2599 essent.
1024 2535 1076 2598 Sic
1100 2538 1183 2597 enim
1208 2538 1316 2600 scribit

239 2664 471 2727 Tertullianus:
508 2662 672 2743 „allegans
707 2662 781 2724 nihil
816 2656 902 2724 aliud
931 2685 965 2724 se
996 2664 1036 2724 de
1070 2664 1228 2726 sacrificiis
1253 2665 1318 2746 (alii

240 2787 461 2873 sacramentis)
486 2810 596 2850 eorum
620 2789 830 2870 comperisse,
851 2809 950 2870 quam
970 2800 1082 2852 coetus
1107 2790 1316 2852 antelucanos

241 2916 324 2980 etc.”
338 2915 363 2998 ⁹²)
395 2917 503 2998 Quare
531 2915 580 2977 ille
602 2915 642 2976 de
666 2913 883 2991 Eucharistia,
909 2916 1126 2978 Plinius‘vero
1149 2917 1189 2978 de
1213 2937 1316 2978 sacra-

243 3055 352 3106 mento
375 3044 501 3124 proprie
524 3043 610 3103 dicto
634 3042 761 3104 videtur
784 3043 953 3122 cogitasse.

286 3174 379 3255 Quae
402 3192 477 3233 cunt
496 3173 541 3234 ita
560 3172 632 3247 sint,
651 3181 736 3232 recte
748 3171 859 3231 inferre
872 3170 997 3232 videtur
1009 3171 1154 3232 Arnold:
1169 3171 1319 3249 „Gerade

245 3357 436 3366 ——--

241 3494 303 3526 aura
320 3475 399 3523 rendu
416 3484 541 3542 μυστήριον
557 3474 684 3536 prononce
701 3473 764 3519 dans
781 3472 805 3519 la
823 3472 963 3535 cll-position
979 3489 1023 3535 par
1038 3473 1061 3520 le
1072 3480 1124 3520 mot
1132 3481 1318 3522 sacramentnm

242 3557 302 3606 c'est
318 3557 380 3604 ainsi
398 3553 455 3618 qu'a
472 3554 497 3601 la
516 3553 549 3601 sin
565 3554 596 3601 de
615 3554 646 3600 de
664 3553 688 3600 la
706 3553 778 3600 lettre
796 3552 818 3600 le
837 3559 889 3599 mot
907 3554 1042 3600 ministrae
1058 3554 1169 3617 rappelle
1186 3555 1321 3602 tout-a-sait

241 3638 266 3684 le
293 3640 390 3684 Διάκονοι
408 3634 452 3680 (les
470 3630 573 3682 Gr·ecs.''
597 3632 667 3678 llaec
686 3632 740 3689 ille;
759 3631 821 3678 milri
839 3638 922 3678 tamen
941 3641 1066 3699 μυστήριον
1082 3632 1121 3679 vix
1141 3632 1238 3680 videtur
1257 3635 1319 3682 rerti

241 3730 314 3779 posse
330 3708 558 3773 „r‹1‹·ranreutrrm.''

221 3786 228 3793 ”
280 3792 299 3853 ¹)
318 3792 406 3839 Adfert
434 3789 531 3837 Arnold
558 3805 580 3839 a.
607 3789 632 3838 h.
659 3790 673 3838 l.
701 3805 731 3836 ex
755 3792 867 3838 'Foncart
894 3808 917 3854 p.
947 3790 1006 3838 182:
1023 3791 1082 3848 „Un
1101 3791 1194 3837 certain
1214 3793 1319 3839 nombre

242 3871 383 3919 ‹l’lromntes
410 3877 435 3917 et
460 3868 491 3915 tle
519 3868 623 3915 sellttttcs
647 3866 793 3930 s'engagent
812 3886 857 3932 par
873 3886 906 3917 un
925 3877 1033 3917 serment
1050 3869 1176 3929 solennel,
1195 3875 1209 3915 a
1227 3886 1258 3917 ne
1276 3887 1321 3933 pas
1358 3923 1366 3939 ·

243 3958 406 4013 commettre,
425 3956 449 3996 et
469 3953 483 3994 a
500 3963 532 3994 ne
549 3948 636 3994 laisser
652 3955 799 3995 commettre
817 3965 914 3996 aucune
931 3949 1014 3996 action
1034 3948 1127 4010 injuste
1142 3966 1175 3996 ou
1189 3949 1318 4011 homeliae,

243 4031 285 4094 qui
310 4031 391 4094 puisse
410 4029 492 4076 rniner
508 4027 544 4074 les
563 4025 707 4088 nrysteres‚”
726 4029 757 4074 lit
775 4043 804 4074 ex
819 4029 910 4089 Justini
929 4028 1024 4079 Ilistor.
1046 4027 1151 4091 Philipp.
1171 4029 1219 4074 XX
1237 4043 1261 4092 4,
1283 4041 1318 4090 14:

242 4111 325 4170 „CCC
344 4126 374 4156 ex
390 4107 524 4170 juvenibus
542 4106 739 4168 (Crotoniatum)
766 4123 821 4154 enm
842 4108 954 4155 sodalicii
968 4108 1023 4169 jure
1036 4113 1192 4154 sucrunn'nto
1208 4108 1318 4171 quodam
1348 4130 1352 4137 ·

242 4189 300 4236 nexi
326 4194 480 4252 separatam,
508 4203 522 4233 a
548 4185 636 4232 ceteris
661 4187 757 4234 civibus
784 4188 860 4234 vitam
879 4193 1030 4246 exercerent,
1048 4188 1117 4249 quasi
1136 4195 1235 4234 coetum
1254 4187 1320 4235 clan-

242 4269 357 4316 destinae
376 4265 556 4328 conjurationis
574 4264 710 4328 haberent,
729 4266 856 4313 civitatem
875 4265 900 4312 in
917 4280 943 4312 se
960 4267 1162 4314 converterunt.'’

278 4346 297 4406 ²)
316 4346 420 4396 Tertull.
439 4343 540 4408 Apolog
565 4359 586 4391 c.
606 4356 628 4390 2.
