3114 5130
768 503 826 564 113

288 672 382 754 Quae
404 671 534 752 quidem
551 670 703 731 Massonii
715 670 814 731 verba
826 679 936 751 aperte
949 669 1086 731 eundem
1099 670 1194 752 plane
1205 670 1321 732 librum

151 870 161 885 ἢ
244 799 429 878 designant,
460 817 558 878 quem
590 796 704 876 Hardy
736 817 765 857 v.
790 796 820 858 d.
847 816 948 876 nuper
971 817 1005 856 se
1028 798 1180 878 reperisse
1204 797 1321 859 scribit.

243 925 394 989 Ceterum
407 925 438 984 in
451 922 574 984 edendo
587 922 685 983 Plinio
699 943 762 984 non
776 923 901 984 videtur
915 942 1069 1002 umquam
1083 920 1171 1008 (post
1184 920 1322 1003 Aldum)

243 1071 312 1112 esse
342 1048 519 1125 adhibitura,
554 1068 653 1130 quare
683 1049 857 1111 doctissimi
889 1049 947 1108 viri
970 1047 1093 1131 ἕρμαιον
1123 1048 1210 1109 haud
1233 1048 1323 1129 parvi

244 1198 320 1239 sane
343 1177 521 1239 faciendum
547 1186 604 1238 est.

288 1304 372 1386 Quia
394 1314 504 1366 autem
528 1303 606 1364 liber
628 1302 678 1363 ille
705 1301 812 1364 multis
836 1303 924 1363 locus
949 1312 1005 1362 aut
1029 1321 1103 1363 cum
1127 1301 1195 1362 sola
1219 1302 1322 1382 priore

243 1431 381 1493 editione
411 1430 530 1493 Aldina
563 1429 676 1509 (1508)
708 1429 866 1491 consentit
904 1437 960 1490 aut
1001 1448 1244 1509 nonnumquam
1279 1429 1321 1489 ab

243 1559 328 1639 ipsa,
353 1568 385 1620 et
408 1557 450 1619 ab
472 1555 553 1618 aliis
572 1554 718 1617 omnibus
738 1557 782 1617 ita
801 1556 978 1636 discrepat,
999 1564 1035 1616 ut
1056 1556 1133 1617 satis
1154 1555 1321 1617 manifesto

244 1692 414 1764 appareat,
438 1682 507 1744 libri
530 1682 623 1745 huius
647 1683 798 1744 lectiones
821 1703 841 1743 a
861 1680 919 1743 MS
940 1682 1046 1762 potius
1076 1702 1174 1762 quam
1198 1681 1240 1742 ab
1263 1683 1321 1742 im-

243 1829 353 1891 presso
375 1809 525 1890 exemplo
544 1830 614 1870 esse
631 1809 789 1872 derivatas
805 1808 845 1890 ¹),
865 1818 897 1872 et
917 1829 990 1871 cum
1003 1808 1134 1870 demum
1147 1819 1180 1871 ct
1191 1808 1321 1871 chartae

242 1936 323 1998 ratio
347 1946 379 1998 et
397 1936 574 1999 litterarum
594 1957 668 1998 cum
689 1935 775 1998 hisce
795 1936 877 1998 bene
896 1937 1085 2010 concordet,
1105 1937 1225 2017 quippe
1236 1957 1321 2017 quae

242 2064 282 2124 sit
305 2065 436 2124 omnino
460 2062 567 2125 similis
591 2074 623 2124 et
647 2062 777 2126 chartae
800 2077 832 2124 et
857 2064 1048 2144 scripturae,
1072 2084 1137 2143 qua
1157 2063 1213 2123 viri
1234 2063 1320 2124 docti

241 2190 272 2251 in
296 2189 386 2251 ltalia
410 2209 448 2249 ea
468 2198 576 2250 aetate
594 2189 741 2251 solebant
761 2187 840 2274 uti),
860 2188 947 2250 haud
967 2192 1033 2251 sine
1047 2209 1165 2269 magna
1177 2189 1320 2250 veritatis

241 2317 346 2396 specie
369 2316 602 2377 demonstravit
626 2315 757 2394 Hardy:

290 2456 348 2502 1¹¹1n
373 2442 501 2502 Partem
525 2440 610 2501 illam
630 2440 699 2502 libri
716 2441 965 2521 manuscriptam
979 2442 1236 2522 antiquissimum
1249 2462 1319 2503 esse

241 2567 361 2629 fontem
385 2587 494 2628 earum
518 2567 728 2648 epistularum
752 2589 833 2649 quas
849 2569 1022 2642 contineat,
1035 2588 1109 2629 cum
1122 2568 1162 2630 sit
1174 2569 1317 2630 derivata

240 2705 296 2757 aut
319 2715 360 2756 ex
380 2694 488 2756 codice
500 2694 552 2755 illo
564 2695 704 2755 Parisino
715 2745 722 2770 ,
736 2704 793 2756 aut
805 2716 847 2756 ex
859 2696 957 2776 ipsius
969 2695 1105 2774 Jucundi
1118 2694 1317 2776 apographo.

286 2818 329 2882 2⁰.
361 2821 465 2881 Notas
497 2841 580 2900 quae
609 2821 640 2881 in
672 2821 816 2901 margine
842 2819 990 2900 legantur
1016 2821 1092 2882 item
1116 2842 1158 2882 ex
1182 2821 1317 2901 Jucundi

242 2945 431 3027 apographo
454 2967 523 3008 esse
546 2946 731 3029 descriptas

286 3075 328 3152 3⁰.
353 3073 476 3134 Totum
499 3072 586 3134 illum
610 3072 724 3134 librum
745 3074 786 3134 ab
805 3072 894 3134 Aldo
916 3073 1041 3134 edendo
1061 3073 1160 3134 Plinio
1179 3094 1249 3135 esse
1261 3074 1316 3135 ad-

239 3196 432 3282 hibitum2),
467 3200 566 3261 immo
601 3199 680 3262 forte
716 3221 758 3261 ex
789 3200 858 3280 ipso
889 3202 1045 3281 primum,
1070 3201 1158 3282 quod
1182 3211 1315 3277 vocant,

239 3325 405 3402 exemplar
427 3324 699 3404 typographicum
722 3346 791 3386 esse
815 3346 1005 3406 expressum
1018 3326 1055 3408 ³).

243 3516 435 3525 12——

274 3649 291 3709 ¹)
311 3650 359 3700 Ut:
376 3665 452 3709 „ecce
470 3647 571 3697 autem”
591 3664 637 3711 pro
654 3663 725 3707 „esse
742 3647 843 3696 antem”
862 3649 901 3709 (T.
922 3649 970 3709 10).

270 3728 419 3790 „Panchayz
446 3742 488 3786 ae;
515 3742 543 3774 ac
567 3723 694 3773 Soteridi'’
712 3743 758 3788 pro
774 3726 946 3786 „Panchariae
964 3727 1091 3775 Soteridi''
1109 3729 1148 3789 (T.
1170 3742 1205 3789 ιι,
1224 3733 1249 3792 2)
1268 3738 1315 3780 etc.

237 3809 280 3856 csr.
299 3817 323 3856 et
343 3808 432 3869 Hardy
452 3805 548 3856 Introrl,
567 3822 609 3869 pp.
624 3804 656 3865 69
673 3822 709 3868 sq.

273 3888 293 3949 ²)
314 3887 356 3937 csr.
375 3886 472 3948 llardy,
491 3885 587 3934 Introd.
605 3901 629 3948 p.
648 3895 688 3945 71.

273 3967 292 4031 ³)
311 3969 377 4028 Quia
404 3967 423 4013 B
450 3973 474 4013 et
500 3965 512 4026 J
533 3980 582 4011 non
600 3964 636 4011 ita
654 3979 709 4011 raro
727 3964 759 4012 alr
778 3964 873 4012 Aldina
890 3965 973 4029 priore
991 3965 1076 4030 (1508)
1095 3966 1221 4027 differunt,
1238 3968 1315 4030 suspi-

236 4055 306 4095 catur
325 4046 414 4108 llardy
432 4056 523 4108 (neque
541 4043 583 4090 ille
600 4043 737 4101 immerito)
756 4058 785 4090 ex
803 4043 852 4090 hoc
869 4044 934 4091 libro
952 4045 1060 4109 primum
1079 4052 1177 4093 tantum
1187 4047 1315 4110 exemplar

236 4126 444 4188 typographicam
463 4123 532 4183 („the
550 4121 602 4169 first
621 4121 720 4185 prooP’)
736 4137 789 4171 esse
804 4137 946 4186 expressum
963 4123 998 4171 ita
1013 4130 1039 4170 nt
1054 4131 1142 4187 postea
1156 4124 1237 4171 Aldus
1245 4124 1314 4171 haud

236 4221 315 4268 pauca
340 4205 392 4251 sive
418 4219 448 4250 ex
474 4202 582 4266 propriis
605 4202 657 4250 sive
679 4203 784 4250 aliorum
803 4203 934 4250 doctorum
954 4201 1063 4250 virorum
1080 4203 1244 4267 conjecturis,
1262 4204 1314 4251 sive

235 4286 310 4332 etiam
331 4300 361 4331 ex
379 4283 465 4330 codice
483 4282 603 4340 Parisino,
622 4299 696 4345 quem
714 4282 818 4329 biennio
836 4289 891 4345 post
910 4298 924 4329 a
943 4282 1074 4330 Mncenico
1093 4282 1197 4346 accepit,
1215 4288 1312 4330 mutata

234 4381 286 4412 csse
305 4365 444 4413 videantur.

1198 4466 1212 4513 8
