3114 5130
715 479 755 545 59

195 657 336 710 terarum
367 649 461 731 plane
492 651 603 712 rudem
636 661 668 713 et
700 652 865 714 indoctum
890 652 983 713 luisse
1007 663 1120 734 negat,
1146 633 1277 714 omnino

197 774 243 834 uti
267 794 330 834 non
356 777 497 856 potuerit
510 774 545 856 ¹).

239 900 293 963 Ex
318 901 443 978 multi5‚
469 923 551 984 quae
575 904 666 966 affert
689 904 862 986 exemplis,
889 904 1041 966 nonnulla
1063 915 1187 968 tantum
1210 905 1277 966 dili-

194 1031 323 1110 gentius
347 1031 530 1112 expendere
554 1032 584 1092 in
608 1033 716 1094 animo
740 1042 798 1094 est.

239 1158 332 1220 Initio
357 1157 488 1221 ultimae
511 1160 610 1222 totius
633 1159 701 1221 libri
726 1159 882 1241 epistulae
906 1161 1056 1240 leguntur
1078 1159 1157 1222 haee
1175 1158 1214 1243 ²).

239 1285 377 1362 „Merito
392 1284 555 1347 habuisti.
570 1333 576 1347 .
592 1333 599 1347 .
616 1333 622 1347 .
644 1285 793 1347 fiduciam
806 1287 903 1348 animi
917 1287 978 1348 mei
992 1306 1050 1347 nec
1062 1286 1276 1348 dubitandum

194 1411 305 1489 fuisse,
327 1414 352 1474 si
372 1424 578 1494 expectasses
598 1414 701 1475 donee
721 1434 774 1474 me
794 1412 1008 1476 consuleres.'’
1029 1414 1119 1475 Haec
1136 1413 1277 1495 intellegi

193 1560 288 1621 posse
322 1541 497 1622 Ussingius
532 1551 630 1622 negat
664 1551 714 1629 et⁸
731 1552 816 1604 recte
852 1552 950 1622 negat
962 1539 998 1625 ³).
1035 1539 1099 1603 Sed
1134 1542 1274 1617 Keilius,

194 1667 434 1729 Mommsenum
458 1668 520 1730 fere
543 1680 689 1744 secutus,
715 1679 750 1731 ut
774 1670 834 1730 alia
859 1668 960 1731 multa
985 1671 1028 1731 ita
1052 1678 1084 1731 et
1101 1668 1275 1730 haecbene

193 1795 319 1857 videtur
350 1796 554 1858 emendasse:
585 1796 724 1874 „Merito
754 1795 971 1858 habuisti...
1005 1795 1155 1858 fiduciam
1179 1796 1275 1858 animi
1357 1862 1358 1865 Ἴ

194 1922 256 1984 mei
288 1943 346 1984 nec
374 1923 588 1985 dubitandum
614 1923 670 1985 luit
695 1924 765 2005 (tibi
790 1923 908 1999 lacere,
934 1945 1017 2005 quae
1041 1945 1112 1985 sero
1128 1923 1275 2005 fecisses)

193 2048 218 2109 si
249 2057 456 2129 expectasses
486 2050 589 2111 donec
619 2070 671 2111 me
703 2051 884 2112 consuleres
914 2049 996 2115 etc.'’
1011 2047 1038 2135 l¹)
1066 2051 1157 2114 Talia
1180 2072 1273 2128 vero,

193 2196 276 2257 quae
308 2177 455 2238 nimirum
487 2176 686 2238 librariorum
721 2179 858 2240 incuriae
889 2178 1047 2241 debentur
1078 2200 1139 2240 non
1172 2180 1201 2240 in
1227 2178 1275 2241 his

192 2310 319 2364 tantum
355 2301 514 2383 epistulis,
551 2303 606 2364 sed
642 2313 673 2365 et
710 2307 741 2365 in
776 2305 888 2384 optimi
926 2305 1079 2385 cuiusque
1113 2305 1276 2386 scriptoris

192 2428 354 2490 codicibus
389 2430 520 2491 inveniri
556 2450 651 2491 nemo
686 2432 829 2512 ignorat;
866 2452 971 2512 neque
1001 2441 1110 2493 tamen
1139 2432 1210 2493 ideo
1234 2433 1274 2493 de

192 2552 344 2618 αὐθεντία
368 2556 516 2618 dubitare
539 2557 642 2620 solent
667 2559 723 2619 viri
745 2558 840 2620 docti.

236 2683 386 2746 Similiter
408 2684 446 2745 T.
475 2697 531 2762 50:
556 2685 682 2762 „Potes
699 2733 705 2746 .
722 2733 750 2746 ..
776 2687 801 2746 si
824 2685 884 2747 loci
910 2686 1027 2766 positio
1046 2687 1172 2748 videtur
1192 2686 1273 2748 desi-

191 2810 302 2872 derare
332 2810 445 2872 aedem
476 2813 587 2873 matris
617 2813 713 2873 deum
746 2812 914 2874 transferre
945 2812 979 2873 in
1006 2833 1093 2890 eam,
1118 2836 1201 2895 quae
1225 2825 1292 2877 est,

191 2936 496 3001 accommodatior.”
517 2940 668 3002 Adnotat
687 2941 823 3020 Ussing:
846 2960 920 3021 pro:
943 2941 995 3018 „in
1009 2960 1082 3002 eum
1096 2939 1202 3002 locum
1218 2943 1273 3022 qui

191 3075 240 3127 est
270 3065 580 3151 accomodatior.’'''’)
609 3065 673 3129 Sed
698 3088 737 3128 ne
760 3067 810 3128 illa
838 3067 969 3147 quidem
994 3067 1140 3129 facillima
1163 3088 1272 3130 emen-

193 3236 384 3244 ————-—-

229 3341 244 3403 ¹)
266 3343 356 3407 Ussing
384 3361 407 3408 p.
434 3356 473 3394 21.
502 3345 619 3392 Ueterum
648 3354 713 3391 recte
733 3345 757 3394 ll.
778 3344 869 3405 Ussing
888 3345 992 3391 adnotat
1012 3344 1130 3406 epistulas
1149 3344 1203 3391 illas
1222 3361 1272 3392 non

190 3423 223 3470 ab
251 3423 304 3486 ipso
331 3424 485 3487 Imperatore
513 3422 593 3470 videri
611 3424 715 3485 scriptas
732 3423 776 3470 sed
795 3423 827 3470 ab
846 3439 875 3470 eo
894 3422 936 3486 qni
956 3423 1002 3486 ipsi
1021 3431 1073 3469 erat
1092 3423 1124 3469 ab
1143 3423 1271 3485 lipistrrlis.

190 3502 248 3563 Quo
275 3518 377 3550 munere
404 3503 566 3564 Domitiano,
593 3503 690 3564 Nerva,
717 3503 827 3563 Trajauo
855 3503 1053 3566 imperatoribus
1079 3503 1125 3552 Cn,
1153 3503 1273 3550 Octavius

190 3581 298 3629 Titinius
323 3582 415 3646 Capito
442 3581 662 3643 fnngebatunefr.
690 3581 718 3631 L.
744 3581 909 3629 Friedlander
932 3580 1147 3642 „Uarstellnngen
1166 3598 1209 3629 ans
1227 3582 1272 3628 der

190 3661 417 3724 Sittengesehiehte
436 3659 538 3711 Roms.''
557 3663 630 3711 Torn.
651 3662 661 3707 1
679 3678 720 3724 pp.
739 3660 771 3722 98
789 3670 813 3709 et
835 3661 880 3724 163
898 3679 935 3725 sq.

222 3744 241 3802 l)
261 3741 291 3791 Τ,
312 3730 365 3791 ι’κῐ,
619 3738 638 3804 ³)
658 3740 751 3802 Ussing
768 3740 793 3791 ll,
812 3758 835 3804 p¹
854 3754 894 3792 21,

223 3817 244 3882 ⁴)
265 3819 379 3867 Adnotat
399 3820 455 3867 Keil
475 3820 499 3866 in
518 3827 639 3883 apparatu
658 3819 764 3867 Critieo:

223 3899 373 3947 Mommsen:
382 3915 445 3959 „nee
455 3900 623 3946 dubitandum
630 3898 675 3946 luit
683 3898 815 3947 tibisacere
823 3915 887 3964 quae
895 3915 950 3947 sero
958 3900 1056 3948 fecisses
1063 3901 1082 3947 si
1091 3897 1270 3963 expectasses,''

223 3978 361 4025 Avantins:
379 3993 442 4038 „nec
461 3979 629 4026 dubitandum
651 3978 725 4026 fnisse
742 3979 762 4025 si
781 3977 960 4042 expectasset.”

222 4057 372 4105 Beroaldus:
391 4074 454 4117 „nec
472 4058 640 4105 dubitandum
657 4058 732 4105 luisse
751 4059 770 4104 si
789 4059 970 4122 expectasses.”

222 4137 374 4184 Catenaeus:
393 4153 462 4197 „non
482 4138 649 4185 dubitandum
668 4137 741 4185 inisse
761 4138 780 4185 si
798 4136 978 4202 expectasses.”

223 4215 316 4264 Aldus:
335 4231 398 4276 „nec
417 4217 585 4265 dubitandum
603 4205 696 4268 fuisset.
714 4218 734 4264 si
752 4215 924 4280 expectasses”
942 4218 1033 4281 quibus
1050 4219 1127 4267 udde:

223 4295 324 4356 Ilardy:
342 4311 424 4358 „quae
443 4296 584 4344 dubitanda
602 4296 686 4345 luisset
705 4297 724 4344 si
744 4298 924 4361 expectasses.'’

223 4371 242 4438 5)
263 4374 353 4435 Ussing
371 4374 431 4428 ibid,
