3114 5130
767 493 805 558 32

291 664 494 727 Gravissimis
525 668 723 746 argumentis
755 688 838 748 quac
870 666 975 727 adhuc
1006 666 1140 746 protuli,
1174 685 1333 746 quaeque·

247 792 314 854 sola
350 793 492 874 prolecto
523 795 599 855 satis
630 815 789 875 superque
820 792 927 855 valent
959 793 1000 853 ad
1023 812 1152 876 causam
1179 801 1321 852 nostram

246 921 539 1000 comprobandam,
565 921 625 981 alia
649 921 809 1000 quaedam
834 920 951 981 addere
971 919 1080 997 juvat,
1102 938 1194 998 quae,
1209 938 1322 997 quam-

247 1066 345 1126 quam
376 1068 433 1107 sua
464 1048 495 1107 vi
526 1067 601 1107 sane
635 1067 698 1107 non
734 1056 860 1126 carent,
892 1047 963 1106 ideo
986 1056 1095 1106 tamen
1121 1066 1140 1105 a
1165 1044 1322 1124 prioribus

247 1183 394 1253 separata
426 1193 608 1254 exponam,
639 1175 714 1254 quia
746 1174 786 1235 ad
810 1173 1067 1234 confirmandum
1092 1173 1199 1252 potius
1225 1190 1323 1252 quam

247 1300 287 1359 ad
312 1301 599 1360 demonstrandum
624 1301 749 1380 aptiora
773 1301 930 1362 videntur.

292 1427 420 1489 Norunt
451 1447 563 1488 omnes
595 1429 800 1507 antiquarum
825 1426 1000 1488 litterarum
1025 1426 1175 1499 studiosi,
1200 1434 1323 1505 quanto

248 1573 344 1634 opere
378 1555 560 1634 posterioris
591 1555 706 1615 aetatis
731 1552 863 1638 (saeculi
886 1574 987 1634 praes
1013 1555 1075 1629 IV,
1100 1555 1148 1630 V,
1174 1575 1195 1634 p
1230 1552 1322 1637 Chr.)

247 1680 417 1760 scriptores
446 1681 622 1760 priscorum
656 1692 824 1742 auctorum
858 1681 953 1741 libros
986 1692 1018 1742 et
1042 1683 1155 1742 imitari
1180 1690 1212 1743 et
1237 1702 1324 1742 com-

248 1806 345 1886 pilare
368 1807 430 1868 sint
454 1807 554 1868 soliti:
578 1827 662 1887 quae
686 1827 735 1868 res
760 1809 790 1867 in
815 1808 1102 1889 epistulographis,
1127 1811 1182 1889 qui
1206 1791 1323 1870 vocan-

248 1941 316 2008 tur,
343 1953 405 1994 una
429 1934 573 1994 omnium
597 1935 740 1994 maxime
763 1936 911 1995 cernitur.

293 2061 390 2139 Quod
425 2070 460 2121 ut
496 2060 729 2136 demonstrem,
765 2081 806 2122 ex
838 2059 969 2122 Sidonio
1002 2062 1181 2142 Apollinari
1216 2063 1322 2123 locum

248 2162 358 2249 afferre
389 2187 498 2262 liceat,
532 2207 645 2267 quem,
677 2189 824 2267 quamvis
859 2189 963 2268 primo
998 2199 1130 2269 aspectu
1162 2190 1323 2250 adversari

249 2315 341 2377 nobis
370 2315 476 2394 aliquo
508 2314 606 2375 modo
630 2315 792 2389 videatur,
818 2315 948 2375 laudare
971 2325 1079 2376 tamen
1105 2336 1167 2376 non
1191 2317 1321 2387 dubito,

250 2453 285 2505 ut
309 2444 339 2503 id
363 2443 450 2523 quod
473 2442 691 2503 cummaxime
714 2442 850 2511 intendi,
874 2441 1094 2522 comprobem.

293 2571 323 2629 ls
347 2570 442 2663 igitur
465 2568 573 2629 scribit
596 2566 693 2629 haec:
977 2549 980 2553 ι

294 2695 429 2775 „Exigis
462 2705 513 2769 ut,
547 2695 753 2774 epistolarum
786 2696 926 2774 priorum
951 2695 1050 2756 limite
1073 2697 1210 2775 irrupto,
1235 2696 1324 2757 stilus

250 2832 358 2882 noster
369 2823 399 2882 in
414 2819 562 2881 ulteriora
575 2829 760 2900 procurrat.
776 2869 781 2880 .
798 2868 804 2880 .
822 2868 828 2881 .
854 2822 959 2882 Addis
972 2833 1004 2883 et
1019 2843 1133 2883 causas
1145 2823 1261 2902 quibus
1274 2823 1324 2884 hic

249 2948 327 3007 liber
362 2966 465 3006 nonus
495 2955 569 3005 octo
600 2946 799 3025 superiorum
831 2945 1046 3011 voluminibus
1074 2949 1254 3023 adcrescat,
1285 2969 1324 3008 eo

249 3073 336 3153 quod
360 3072 395 3134 C.
419 3070 604 3147 SecunduS‚
629 3073 718 3133 cuins
742 3093 799 3132 nos
823 3074 944 3135 orbitas
964 3077 1053 3157 sequi
1070 3075 1131 3137 hoc
1143 3097 1240 3157 opere
1253 3098 1324 3158 pro-

250 3198 391 3274 nuntias,
416 3198 546 3279 paribus
570 3199 669 3259 titulis
694 3219 776 3278 opus
802 3200 972 3279 epistolare
996 3201 1219 3264 determinet.''
1238 3203 1258 3279 ')

295 3325 380 3408 Quid
411 3325 451 3384 de
476 3345 593 3385 novem
618 3325 692 3401 illis,
718 3346 800 3405 quos
824 3336 951 3412 tantum
976 3328 1103 3390 videtur
1126 3331 1252 3391 novisse
1275 3329 1325 3392 Si·

249 3456 381 3530 doniuS‚
417 3453 504 3514 Plinii
540 3453 626 3513 libris
658 3455 859 3540 sentiendum
891 3466 1019 3535 putem,
1055 3477 1133 3518 mox
1164 3459 1323 3538 aperiam,

250 3601 333 3641 nunc
356 3579 431 3640 illud
456 3576 556 3639 unum
580 3599 631 3639 me
654 3581 849 3659 significasse
872 3591 1043 3642 contentus
1063 3603 1151 3662 sum,
1166 3592 1323 3663 quantum

250 3705 336 3786 apud
359 3704 439 3765 illius
463 3705 577 3765 aetatis
589 3706 868 3786 epistulographos
880 3707 1013 3768 Plinium
1027 3709 1170 3769 imitandi
1182 3709 1324 3770 studium

249 3832 358 3906 suerit,
388 3850 463 3917 cum
496 3851 559 3890 non
590 3841 717 3893 tantum
745 3832 901 3893 scribendi
931 3854 1034 3912 genus
1058 3844 1090 3895 et
1114 3835 1264 3908 modum,
1291 3845 1325 3895 ut

250 3966 418 4040 poterant,
440 3977 551 4018 verum
573 3968 604 4019 et
625 3959 777 4020 librorum
796 3980 964 4020 numerum
982 3965 1107 4042 assequi
1123 3973 1323 4025 conarentur.

295 4087 381 4147 Inter
408 4085 523 4145 aetatis
554 4085 633 4145 illius
656 4086 741 4145 viros
764 4086 876 4147 doctos
900 4107 977 4166 prae
1001 4088 1068 4148 aliis
1093 4091 1199 4151 multis
1225 4089 1325 4150 nomi-

287 4357 306 4425 ¹)
324 4359 377 4407 Sid.
395 4359 549 4423 Apollinaris
566 4361 612 4423 Ep.
631 4361 676 4416 IX,
696 4373 705 4406 1
