3114 5130
720 443 778 505 103

210 615 287 695 (uno
318 613 461 676 Semlero
489 615 630 677 fortassis
655 612 807 698 excepto)
830 615 884 696 qui
908 615 938 676 id
962 616 1067 696 ipsum
1092 615 1285 677 contendere

209 742 260 803 vel
283 743 434 823 suspicari
458 764 555 806 ausus
577 742 627 804 sit.

253 869 317 932 Sed
338 889 443 949 neque
463 875 541 931 ante'
557 869 743 931 Tertulliani
764 880 904 932 aetatem
925 871 1008 931 idern
1029 870 1200 932 commode
1220 870 1286 932 fieri
1306 906 1321 923 ·.

209 997 323 1078 potuit.
345 998 419 1058 Non
439 996 543 1058 solum
564 997 648 1057 enim
668 996 883 1058 Tertullianus
902 998 958 1058 vix
979 996 1106 1058 saeculo
1128 1017 1191 1058 uno
1210 1007 1285 1078 post

210 1124 297 1185 Plinii
318 1124 512 1205 legationem
533 1123 641 1205 elapso
655 1122 1084 1207 „Apologeticum'fledidin
1104 1125 1176 1201 sed,
1197 1125 1285 1206 quod

211 1252 348 1314 multum
377 1253 408 1312 in
431 1250 492 1312 hac
515 1272 612 1312 causa
636 1251 737 1327 valet,
762 1252 792 1311 in
815 1252 923 1312 Alrica
943 1251 1057 1328 edidit,
1078 1253 1108 1312 in
1128 1272 1192 1333 qua
1212 1273 1284 1333 pro-

210 1379 312 1440 vincia
331 1378 448 1441 Plinius
472 1378 522 1440 vel
543 1377 655 1439 melius
674 1398 773 1458 quam
793 1379 824 1438 in
836 1377 897 1439 alia
910 1377 972 1439 ulla
985 1379 1083 1459 vulgo
1096 1389 1192 1440 notus
1205 1390 1283 1454 erat,

209 1507 328 1587 quippe
350 1527 424 1568 cum
453 1505 693 1586 provincialium
711 1526 842 1567 causam
866 1505 1018 1567 adversus
1050 1506 1189 1568 Marium
1220 1506 1284 1568 Pri-

210 1655 300 1696 scum
335 1654 487 1714 prospere
522 1634 649 1714 egisset.
686 1635 720 1694 In
756 1633 868 1694 eadem
905 1652 1001 1713 porro
1025 1634 1186 1712 provincia
1210 1654 1286 1714 prae

209 1760 335 1842 reliquis
368 1761 518 1821 omnibus
549 1769 656 1821 aetate
686 1759 737 1820 illa
767 1759 890 1821 litterae
921 1738 1049 1819 summo
1072 1758 1179 1819 studio
1203 1759 1285 1820 cole·

208 1888 326 1951 bantur
357 1889 548 1970 plurimique
579 1887 738 1949 florebant
769 1897 801 1948 et
837 1885 979 1947 rhetores
1011 1895 1042 1947 et
1066 1887 1284 1965 grammatici,

207 2017 359 2095 quicum
383 2015 471 2076 Plinii
495 2015 591 2076 libros
615 2015 716 2096 probe
737 2015 900 2077 novissent
917 2015 1076 2094 simulque
1100 2012 1285 2078 Christianis

210 2141 399 2222 plerumque
433 2153 540 2205 essent
570 2143 783 2218 infensissimi,
818 2140 962 2204 l'raudem
985 2142 1087 2219 illam,
1113 2142 1283 2219 siluisset,

209 2280 296 2331 certo
317 2271 433 2331 certius
446 2279 478 2332 et
493 2269 724 2332 intellexissent
737 2291 840 2351 neque
853 2268 1046 2331 intellectam
1059 2270 1242 2331 tacuissent.
1257 2269 1284 2348 ¹)

210 2394 282 2455 Non
316 2405 425 2458 autem
458 2406 525 2458 tam
549 2396 684 2458 stultum
709 2408 740 2458 et
765 2397 909 2477 ineptum
934 2395 1168 2458 Tertullianum
1191 2395 1286 2456 luisse

209 2521 411 2599 crediderim,
439 2531 564 2585 uttam
589 2543 689 2604 pravo
714 2524 866 2585 adversus
890 2521 1068 2604 „gentiles”
1093 2533 1285 2603 argumento

211 2659 368 2725 uteretur,
393 2670 467 2711 cum
490 2671 566 2711 vera
590 2650 747 2732 firmaque
771 2650 857 2712 haud
880 2651 1082 2712 desideraret.

254 2774 335 2852 Sed,
361 2787 396 2839 ut
416 2776 496 2838 haec
519 2778 627 2838 omnia
645 2778 811 2839 omittam:
840 2751 874 2840 u't
898 2778 1068 2841 Christiani
1089 2798 1187 2839 unum
1208 2776 1287 2840 alte-

210 2924 321 2964 rumve
352 2902 467 2964 librum
493 2905 747 2985 manuscriptum
770 2905 815 2966 ita
838 2915 1095 2985 corrumperent,
1120 2904 1286 2985 quomodo

210 3031 340 3092 tandem
364 3031 514 3092 omnibus
539 3031 643 3111 Plinii,
665 3032 719 3111 qui
740 3030 922 3092 ferebantur
937 3030 1169 3106 voluminibus,
1184 3051 1287 3111 nugas

208 3179 282 3219 suas
312 3158 503 3239 fraudesque
529 3159 664 3219 inserere
692 3148 883 3238 potuerunt,
916 3158 960 3219 ita
987 3166 1021 3219 ut
1047 3156 1168 3218 nullum
1192 3176 1286 3218 verae

207 3286 351 3347 lectionis
375 3286 547 3366 vestigium
566 3285 634 3366 jam
658 3285 822 3347 exstaret?

254 3412 426 3492 Plerosque
449 3413 534 3473 enim
557 3433 600 3473 ex
623 3413 762 3493 antiquis
785 3410 991 3492 scriptoribus
1018 3409 1145 3470 saeculo
1169 3419 1286 3489 quarto

208 3541 363 3620 quintove
387 3562 406 3601 a
430 3540 502 3606 viris
526 3539 744 3600 eruditissimis
768 3539 896 3614 iisdem,
917 3538 957 3598 de
977 3536 1093 3617 quibus
1113 3557 1209 3617 supra
1217 3536 1283 3616 jam

209 3667 369 3749 disputavi
402 3665 631 3748 (Symmachos
662 3666 733 3727 dico
758 3674 790 3727 et
814 3664 985 3726 Flavianos
1009 3685 1034 3726 c.
1049 3664 1088 3743 S.)
1112 3664 1286 3726 recensitos

209 3806 241 3858 et
266 3797 369 3858 editos
394 3796 488 3857 fuisse
513 3796 677 3871 novimus,
692 3790 718 3876 ⁹²)
741 3795 795 3874 qui
819 3812 893 3854 cum
918 3791 1004 3853 Plinii
1028 3791 1146 3873 scripta
1158 3791 1285 3872 penitus

246 4088 263 4151 ¹)
282 4090 324 4139 clr.
344 4090 448 4151 Teuffel,
468 4090 558 4138 Gesclr.
577 4088 622 4134 der
642 4089 713 4136 Rom.
733 4087 847 4135 Litterat.
867 4085 912 4134 lid.
932 4095 945 4146 5
964 4086 977 4144 p
995 4093 1041 4144 345
1060 4099 1084 4144 p.
1103 4080 1152 4127 806
1170 4098 1205 4143 sq,

242 4169 269 4215 In
290 4169 375 4216 ill'rica
392 4175 474 4215 aetate
493 4168 536 4215 illa
555 4168 607 4214 nati
625 4174 695 4214 eraut
716 4169 749 4226 (et
768 4165 901 4223 florebant>
922 4162 1020 4210 Salvius
1036 4161 1162 4222 JulianuS,
1182 4160 1277 4208 Fronto
1284 4207 1292 4234 ‚

209 4248 333 4311 Sulpicius
351 4247 506 4310 Apollinaris
526 4246 731 4308 (grammaticus),
751 4243 880 4308 Apuleius,
898 4243 948 4292 alii.

241 4328 262 4391 l)
281 4327 337 4374 vide
355 4326 451 4374 'Teuffel
469 4327 495 4377 ll.
514 4328 527 4386 l
543 4336 591 4388 425
611 4342 646 4390 sq.
