3114 5130
705 470 745 533 73

194 643 335 703 entraine
360 643 379 700 6
403 642 432 703 16
453 653 537 703 mort
557 644 613 704 des
634 643 758 704 enfauts
777 654 808 706 et
828 645 884 705 des
905 643 1069 706 femmes.'’
1083 643 1173 705 Talia
1185 642 1271 723 apud

194 770 346 831 barbaras
377 791 454 831 sane
485 781 598 850 gentes
630 770 713 833 facta
740 793 809 832 esse
832 773 993 847 concedit,
1020 771 1154 832 Plinium
1177 792 1271 847 veru,

194 897 396 958 mitissimum
429 898 531 958 virum
562 907 594 959 et
625 897 892 959 humanissimum
926 909 992 960 tam
1024 900 1144 960 atrocia
1173 907 1271 980 atquc

193 1023 331 1084 crudelia
365 1044 405 1084 ne
440 1025 469 1084 in
506 1025 613 1085 animo
648 1026 778 1104 quidem
812 1024 962 1086 habuisse
996 1027 1170 1088 contendit.
1202 1026 1271 1103 „La

193 1148 290 1211 chose
325 1154 428 1230 paruit
463 1151 641 1212 tout-a-fait
676 1151 969 1228 invraisemblable‚
1002 1163 1035 1215 et
1065 1154 1094 1214 la
1118 1155 1272 1234 premiere

193 1277 342 1357 question
366 1298 430 1358 que
453 1277 539 1339 Pline
563 1279 691 1340 adresse
715 1281 733 1338 a
757 1277 962 1361 l'empereur,
988 1291 1036 1341 est
1059 1283 1078 1340 a
1102 1290 1192 1342 notre
1204 1283 1272 1342 avis

195 1424 236 1465 un
267 1403 323 1464 des
354 1414 541 1484 arguments
572 1404 616 1465 les
648 1404 719 1485 plus
747 1405 824 1466 forts
847 1415 958 1467 contre
980 1404 1209 1469 l’authcnticite<
1232 1408 1272 1468 de

194 1529 223 1591 la
246 1529 370 1592 lettre.’'
387 1530 409 1611 ¹)

238 1658 372 1720 Utinam
396 1657 525 1738 legisset
544 1659 592 1719 vir
605 1660 746 1740 optimus
759 1680 842 1740 quae
854 1661 989 1722 Vossius
1002 1671 1110 1722 noster
1117 1661 1184 1741 jam
1197 1671 1272 1723 ante

194 1783 254 1846 hos
277 1785 433 1846 ducentos
456 1805 557 1845 annos
581 1786 621 1847 de
645 1808 683 1847 ea
701 1806 734 1847 re
754 1787 895 1867 scripsit:
916 1786 1081 1867 „Nempe,
1105 1796 1140 1848 ut
1159 1796 1272 1868 postea

194 1912 269 1973 dicit
296 1911 429 1972 Plinius:
455 1911 548 1974 Multi
572 1913 676 1972 omnis
699 1913 831 1987 aetatis,
855 1913 944 1974 addit
968 1913 1082 1989 etiam,
1109 1913 1273 1994 utriusque

194 2060 292 2100 sexus
333 2041 364 2100 in
400 2037 575 2119 periculum
611 2049 777 2100 vocantur.
813 2038 899 2100 Nihil
933 2040 974 2100 ad
1009 2040 1136 2100 veniam
1171 2040 1272 2101 facere

195 2176 335 2228 aetatem
348 2166 483 2226 sensisse
495 2165 643 2227 videntur
655 2165 862 2246 imperatores
875 2164 1013 2227 Severus
1025 2176 1058 2227 61
1070 2167 1271 2228 Antoninus:

194 2295 230 2355 In
254 2292 437 2355 criminibus
459 2292 590 2373 quidem
614 2293 728 2354 aetatis
751 2292 902 2373 suffragio
926 2293 1064 2353 minores
1085 2293 1272 2373 nonjuvan-

195 2431 262 2497 tur;
288 2421 407 2482 etenim
428 2418 586 2480 malorum
600 2439 705 2480 mores
718 2418 885 2481 infirmitas
897 2421 994 2480 animi
1007 2440 1070 2480 non
1084 2430 1227 2482 excusat.
1243 2421 1272 2501 2)

196 2550 248 2609 Α6
284 2568 362 2609 mox
399 2545 638 2627 subjunguntur
666 2546 856 2608 Diocletiani
888 2557 920 2609 et
944 2547 1132 2609 Maximiani
1155 2547 1270 2609 verba:

195 2677 285 2738 Licet
328 2677 359 2736 in
403 2674 525 2735 delictis
559 2682 666 2735 aetate
699 2675 858 2735 neminem
902 2677 1048 2737 excusari
1087 2685 1221 2737 constet.
1244 2676 1269 2755 ³)

196 2804 318 2865 Verum
341 2802 393 2863 alii
417 2801 613 2882 distinguere
632 2800 748 2880 jubent
771 2821 853 2880 quae
877 2811 966 2863 aetas
979 2802 1084 2864 delicti
1096 2802 1137 2862 sit
1149 2821 1270 2882 capax;

195 2951 233 2991 ac
258 2931 283 2990 si
306 2929 378 3011 quis
401 2929 441 2989 sit
464 2927 541 2988 infra
566 2948 687 2988 anuum
712 2940 768 3004 25,
790 2928 930 3007 judicem
954 2930 1044 2991 aiunt
1069 2928 1153 2991 flecti
1176 2950 1272 3010 posse

196 3057 236 3118 ad
261 3057 420 3118 mitiorem
443 3075 582 3136 poenam
607 3055 851 3117 decernendam.
875 3056 985 3118 Verba
1005 3066 1079 3118 sunt
1092 3058 1176 3118 enim
1188 3056 1271 3136 Try-

196 3183 345 3264 phonini:
370 3184 405 3243 In
428 3181 550 3243 delictis
574 3191 684 3243 autem
708 3183 811 3243 minor
833 3184 924 3244 annis
949 3196 987 3260 25
1015 3204 1078 3244 non
1099 3193 1273 3245 mereretur

196 3314 227 3373 in
258 3312 418 3391 integrum
444 3311 696 3386 restitutionem,
725 3312 836 3391 utique
859 3313 1086 3388 atrocioribus;
1112 3313 1168 3373 nisi
1193 3333 1272 3391 qua-

196 3449 289 3501 tenus
320 3438 480 3499 interdum
513 3437 674 3498 miseratio
704 3438 819 3499 aetatis
851 3436 892 3498 ud
916 3438 1108 3498 mediocrem
1133 3457 1271 3518 poenam

192 3567 332 3647 judicem
368 3561 607 3647 perduxeritl)
760 3563 825 3626 Sed
857 3561 932 3624 mihi
967 3563 1130 3638 videntur,
1168 3565 1272 3644 pergit

197 3693 280 3754 idem
314 3692 518 3754 doctissimus
541 3692 604 3766 vir,
630 3691 790 3772 praesides
814 3690 1066 3770 provinciarum,
1091 3690 1205 3752 saltem
1231 3690 1271 3750 illi

197 3830 271 3901 post
303 3820 477 3899 Trajanum
508 3820 538 3879 in
572 3819 674 3879 causis
706 3817 958 3880 Christianorum
984 3837 1046 3877 non
1067 3817 1207 3878 multum
1231 3818 1272 3878 ad

197 3946 276 4008 haec
299 3946 483 4007 attendisse.
509 3944 594 4005 Nam
618 3943 704 4024 apud
729 3942 906 4004 Eusebium
930 3943 1065 4023 legimus
1085 3943 1115 4003 in
1137 3944 1272 4024 epistula

234 4195 251 4257 ¹)
270 4196 296 4244 ll.
314 4213 331 4258 p
361 4195 406 4244 188

231 4276 249 4335 3>
269 4275 332 4325 Cod.
351 4275 411 4325 lust.
430 4287 453 4332 2,
471 4287 511 4336 34,
533 4287 552 4324 1,
823 4271 844 4335 ³)
865 4273 925 4323 ibid.
944 4275 979 4324 11⁰.
998 4287 1021 4324 2.

232 4353 253 4419 ⁴)
273 4354 438 4417 Tryplmnin·
450 4355 475 4401 in
494 4354 520 4400 in
538 4353 564 4414 3⁰
583 4354 709 4417 Disputat.
728 4354 786 4416 Dig.
805 4368 828 4413 4,
846 4367 869 4414 4,
888 4364 928 4415 37.
