3114 5130
722 473 760 537 53

203 640 434 723 Sinopensibus
464 631 703 723 aquaeductum
738 654 920 720 exstruere,
952 644 1079 721 addito,
1112 647 1282 726 pecuniam

204 790 267 830 non
287 768 468 830 defuturam
490 769 530 829 ad
548 791 630 850 opus
642 770 717 831 illud
730 770 968 851 perficiendum.
990 772 1148 852 Responsi
1161 783 1283 848 auctor,

203 897 305 976 inquit
336 896 473 975 Ussing,
505 917 547 956 ex
572 896 657 958 hisce
681 897 817 959 alterum
844 918 907 958 non
932 897 1103 960 intellexit:
1128 900 1284 979 permittit

204 1024 288 1085 enim
335 1033 370 1085 ut
416 1032 585 1085 exstruant
630 1024 868 1104 aquaeductum
900 1024 955 1084 sed
986 1024 1074 1086 addit
1107 1025 1153 1102 „si
1187 1007 1292 1085 modo*

204 1149 424 1232 (Sinopenses)
449 1159 481 1211 et
505 1149 623 1210 viribus
647 1151 711 1210 suis
735 1151 861 1230 assequi
886 1147 1070 1233 (possunt)’'
1088 1150 1119 1230 ¹).

250 1277 383 1352 AcutiS,
420 1276 563 1337 hercule!
597 1277 767 1357 Ussingius
790 1277 889 1338 cernit
913 1277 1012 1338 oculis
1037 1313 1077 1322 -
1102 1287 1283 1357 „quantum

204 1403 310 1484 aquila
340 1412 397 1464 aut
428 1423 559 1483 serpens
590 1402 804 1483 Epidaurins’'
830 1439 869 1448 -
896 1404 951 1483 qui
975 1424 1017 1464 ex
1042 1402 1103 1464 hoc
1128 1376 1304 1484 responso·

204 1531 285 1591 eruit
320 1529 493 1610 Traianum
530 1529 617 1590 Plinii
654 1529 823 1610 epistulam
860 1550 922 1590 non
958 1528 1166 1591 intellexisse:
1203 1530 1285 1591 Petit

205 1653 328 1718 Plinius
359 1666 393 1718 ut
425 1653 568 1717 c'oloniae
599 1654 825 1736 Sinopensium
855 1655 948 1717 liceat
975 1655 1143 1717 aedificare
1166 1677 1285 1736 aquae-

204 1784 337 1844 ductum
369 1783 541 1864 „pecunia,
575 1782 681 1859 addit,
705 1782 894 1862 curantibus,
915 1782 1007 1843 nobis
1031 1792 1196 1844 contracta
1220 1804 1285 1844 non

189 1898 343 1986 'deerit’';
380 1909 553 1989 respondet
587 1909 760 1988 Trajanus:
797 1909 998 1987 „Aedificet,
1034 1911 1059 1970 si
1083 1909 1181 1971 modo
1206 1908 1285 1990 εΗ)

205 2038 324 2098 viribus
354 2037 418 2097 suis
448 2037 576 2117 assequi
607 2034 747 2116 potest'f.
783 2036 869 2118 Quid
902 2057 965 2097 non
990 2036 1180 2098 intellexerit
1205 2036 1285 2098 Tra-

203 2165 312 2243 januS,
338 2163 504 2243 equidem,
530 2162 631 2224 fateor
654 2183 717 2222 non
742 2161 906 2242 intellego!

249 2292 365 2371 Neque
388 2290 517 2370 gravius
540 2299 589 2350 est
612 2289 699 2369 quod
724 2289 752 2349 T
789 2303 841 2366 47,
862 2292 904 2367 48
925 2289 1047 2368 Ussing
1066 2287 1268 2369 reprehendit
1278 2282 1292 2350 :⁵

249 2419 354 2496 „Cum
396 2417 526 2492 vellem,
570 2417 672 2496 inquit
708 2416 842 2492 Plinius,
886 2417 1057 2496 Apameae
1090 2436 1285 2495 cognoscere

141 2629 148 2634 .
205 2545 349 2627 publicos
373 2544 533 2605 debitores
558 2553 589 2605 et
613 2543 750 2605 reditum
775 2552 806 2604 et
828 2543 1004 2623 impendia,
1025 2563 1215 2623 responsum
1235 2553 1285 2604 est

206 2671 282 2733 mihi
313 2691 429 2752 cupere
456 2669 587 2751 quidem
612 2670 776 2731 universos
800 2679 835 2731 ut
859 2691 878 2730 a
902 2690 953 2730 me
976 2670 1116 2731 rationes
1140 2645 1283 2730 coloniae

203 2800 400 2880 legerentur,
433 2817 599 2877 nunquam
636 2808 745 2857 tamen
779 2795 877 2858 lectas
901 2817 971 2858 esse
993 2796 1036 2858 ab
1060 2781 1123 2856 ullo
1148 2816 1285 2877 procon-

205 2927 327 3002 sulum,
371 2924 521 2986 habuisse
564 2923 764 3004 privilegium
806 2932 838 2984 et
873 2924 1127 2985 vetustissimum
1162 2944 1285 2984 morem

205 3054 334 3115 arbitrio
381 3073 440 3112 suo
489 3071 556 3111 rem
602 3050 764 3131 publicam
800 3050 1021 3111 administrare
1034 3047 1073 3132 3),
1109 3049 1215 3130 Exegi
1251 3062 1286 3112 ut

206 3200 290 3259 quae
310 3178 476 3253 dicebant,
498 3197 646 3257 quaeque
666 3175 843 3238 recitabant
865 3176 969 3237 libello
985 3176 1285 3257 complecterentur,

205 3325 302 3387 quem
336 3305 391 3366 tibi
418 3303 546 3385 qualem
571 3323 758 3384 acceperam
781 3304 871 3379 misi,
896 3304 1044 3383 quamvis
1068 3279 1285 3384 intellegerem

206 3431 358 3513 pleraque
389 3451 431 3490 ex
462 3430 513 3490 illo
545 3430 585 3490 ad
617 3430 648 3490 id
679 3430 719 3490 de
750 3450 815 3510 quo
841 3430 1005 3510 quaeritur
1028 3450 1091 3490 non
1117 3431 1284 3510 pertinere.

207 3560 255 3621 Te
276 3579 356 3639 rogo
377 3567 411 3620 ut
432 3555 507 3619 mihi
525 3558 646 3638 praeire
657 3552 682 3640 ⁴)
703 3557 842 3637 digneris
854 3556 931 3637 quid
945 3577 996 3616 me
1009 3566 1103 3637 putes
1115 3556 1286 3618 observare

207 3686 333 3748 debere.
369 3685 492 3746 Vereor
520 3685 604 3767 enim
630 3703 668 3744 ne
692 3692 749 3745 aut
772 3683 946 3743 excessisse
970 3691 1114 3744 autnon
1138 3682 1287 3763 implesse

206 3813 300 3875 osficii
325 3812 386 3872 mei
409 3819 517 3891 partes
541 3808 681 3871 videar''.

244 4021 262 4080 ¹)
280 4022 373 4084 Ussing
390 4023 416 4072 ll¹
435 4039 459 4085 p,
481 4032 517 4084 15.

241 4088 259 4148 ²)
279 4089 318 4137 Ita
335 4089 396 4151 legit
415 4089 554 4136 Aventius:
573 4090 727 4138 Calanaens:
747 4089 768 4137 si
787 4090 863 4137 modo
882 4090 911 4136 id
926 4089 1020 4137 viribus
1029 4091 1079 4138 suis
1089 4093 1187 4156 assequi
1197 4099 1287 4157 potest.

206 4157 302 4204 Aldina
320 4154 422 4220 (1508jz
441 4155 461 4202 si
480 4155 556 4202 modo
575 4165 599 4203 et
618 4157 712 4204 viribus
730 4156 779 4203 suis
797 4157 851 4219 ipsa
870 4157 895 4203 id
913 4158 1011 4220 assequi
1029 4164 1119 4220 potest.

242 4221 262 4285 ³)
282 4224 321 4270 De
339 4223 386 4270 hac
405 4222 592 4270 constructione
610 4223 667 4270 vide
686 4223 784 4284 During
802 4231 827 4270 et
845 4223 952 4285 Longol.
971 4240 986 4270 a
1011 4224 1035 4273 b.
1054 4223 1069 4273 l.

223 4287 261 4366 ⁸⁴)
281 4290 320 4336 lta
342 4289 430 4352 Hardy
450 4305 479 4337 ex
498 4288 592 4336 Aldina
611 4289 698 4354 (1508)
717 4300 741 4338 et
760 4289 906 4353 apographo
926 4289 1074 4351 Bodleiano,
1092 4291 1135 4338 alii
1151 4291 1289 4356 eddprae-

207 4372 297 4420 erpere,
