3114 5130
724 497 763 555 41

208 666 339 748 quidem
370 666 487 728 Plinius
517 668 660 748 profecto
690 669 731 730 ad
754 669 929 748 Trajanunr
953 669 1160 750 scripsisset.”
1185 671 1286 748 „Om-

210 794 261 853 nia
295 793 392 874 haec,
427 796 544 875 inquit,
576 795 646 857 luce
677 796 753 857 mihi
783 795 952 870 clariora!{'
987 797 1064 857 Mihi
1099 818 1162 858 non
1198 798 1284 859 item.
1377 883 1379 887 Ι

254 920 393 997 Etenim,
415 933 451 984 ut
473 923 514 984 ad
538 924 676 1004 primum
700 924 787 1004 quod
811 922 1013 1004 reprehendit
1024 924 1145 1005 Ussing
1156 945 1287 1005 respon-

210 1049 321 1124 deam,
357 1049 458 1111 fateor
492 1071 568 1111 sane
601 1049 730 1129 Trajani
753 1060 859 1112 aetate
877 1051 1065 1112 vicariorum
1091 1051 1286 1112 mentionem

209 1176 295 1256 apud
323 1177 401 1237 alios
431 1186 578 1238 auctores
610 1197 673 1237 non
697 1175 764 1237 lieri
780 1176 823 1258 ');
846 1176 902 1237 sed
926 1174 987 1238 hoc
1011 1186 1119 1237 tamen
1143 1176 1286 1257 profecto

211 1324 274 1364 non
302 1304 434 1383 impedit
463 1303 636 1383 quominus
667 1301 836 1383 epistulam
867 1321 1055 1382 germanam
1079 1322 1149 1362 esse
1172 1301 1288 1364 admit·

211 1440 326 1492 tamus.
351 1429 454 1492 Multa
478 1431 561 1490 enim
586 1430 617 1490 in
642 1430 840 1509 antiquitatis
863 1427 994 1489 historia
1015 1438 1105 1504 sunt,
1127 1448 1287 1508 quaeuno

209 1567 337 1619 tantum
357 1523 487 1619 auctore
506 1557 672 1617 credimus.
694 1554 758 1618 Sed
778 1553 849 1631 hoc,
869 1555 958 1635 quod
973 1555 1138 1616 contendit
1149 1555 1285 1634 Ussing:

210 1683 263 1761 „id
294 1682 422 1763 culpam
452 1704 471 1743 a
502 1682 661 1744 servisin
691 1681 839 1750 domi-nos
869 1679 1089 1756 transferret”,
1120 1681 1151 1742 id
1182 1682 1287 1762 ipsum

210 1810 366 1890 Trajanus
389 1810 568 1890 respondit:
594 1807 649 1886 „Si
671 1809 787 1871 vacarii
810 1808 890 1884 dati,
914 1828 1013 1889 penes
1032 1808 1118 1888 ipsos
1133 1806 1227 1888 culpa
1240 1817 1288 1869 est

211 1937 265 2016 qui
289 1934 477 1997 dederunt.'’
502 1935 588 2016 Quid
612 1955 690 2015 ergo
713 1935 834 2016 carpit?

255 2061 319 2123 Sed
343 2082 447 2143 neque
466 2062 601 2123 alterurn
621 2061 692 2142 plus
711 2060 806 2123 valet.
829 2062 982 2123 Affirmat
1001 2063 1121 2142 Ussing
1140 2061 1288 2124 hocloco
1352 2126 1355 2133 A

211 2188 251 2248 de
282 2189 312 2247 vi
344 2207 383 2248 ne
413 2188 546 2267 cogitari
577 2187 707 2267 quidem
735 2208 847 2268 posse,
872 2188 903 2249 id
927 2208 1004 2268 ergo
1027 2188 1069 2250 ab
1092 2189 1289 2268 Imperatore

211 2313 308 2377 stulte
341 2314 416 2394 poni
457 2312 521 2376 Sed
552 2313 697 2374 facillime
727 2324 834 2376 tamen
867 2314 933 2375 fieri
956 2316 1061 2395 potuit
1085 2325 1121 2377 ut
1143 2317 1224 2376 servi
1248 2315 1289 2404 illi

211 2441 283 2503 licet
306 2460 369 2501 non
395 2439 477 2501 ultro
497 2460 531 2502 se
554 2439 760 2517 obtulissent,
786 2451 895 2503 tamen
915 2440 1000 2503 nulla
1020 2443 1050 2502 vi
1063 2441 1205 2504 adhibita
1218 2443 1289 2504 lecti

212 2576 334 2643 essent,
370 2585 441 2641 seu,
475 2576 510 2628 ut
537 2566 616 2646 juris
646 2565 781 2629 consulti
813 2567 1006 2646 loquuntur,
1036 2589 1092 2646 „se
1120 2568 1181 2650 legi
1205 2571 1289 2649 passi

212 2691 356 2767 essent’',
392 2703 425 2754 et
458 2693 525 2754 sive
559 2694 673 2755 timore
704 2692 754 2753 vel
786 2693 883 2755 etiam
915 2714 971 2775 spe
1000 2695 1044 2756 ita
1067 2696 1290 2775 reciperandae

212 2818 382 2896 libertatiS,
418 2839 492 2881 curn
525 2839 588 2880 non
621 2828 727 2880 essent
750 2820 936 2900 interrogati
958 2821 998 2882 de
1022 2822 1208 2884 condicione
1232 2844 1290 2883 sua

213 2945 287 3007 nihil
310 2945 566 3008 manifestassent
582 2941 621 3027 ²).

258 3072 314 3132 Ad
348 3073 478 3134 tertium
510 3071 693 3133 veniamus:
725 3070 786 3133 hac
816 3072 847 3132 in
877 3092 911 3134 re
941 3073 1067 3135 videtur
1094 3075 1230 3156 Ussing,
1256 3087 1291 3138 ut

212 3200 317 3273 aiunt,
343 3199 446 3258 nodos
468 3206 621 3278 quaerere
643 3199 674 3258 in
698 3198 812 3279 scirpo
836 3199 979 3260 Nimium
1003 3201 1087 3261 enim
1111 3203 1228 3282 premit
1245 3203 1291 3263 in-

213 3327 313 3387 cisum
332 3324 425 3401 illud:
446 3345 542 3402 „cum
561 3324 717 3387 haberent
735 3326 928 3387 condicionis
942 3347 1020 3387 suae
1032 3329 1290 3404 conscientiam”,

212 3451 300 3532 quod
325 3471 388 3511 non
413 3460 540 3512 tanturn
563 3451 737 3531 significat:
762 3472 858 3528 „cum
882 3452 998 3515 scirent
1017 3474 1051 3513 se
1072 3475 1142 3515 esse
1161 3455 1291 3516 servos'’

213 3579 268 3639 sed
292 3579 388 3640 etiam
413 3598 509 3655 „cum
533 3579 649 3640 scirent
671 3579 768 3638 servis
788 3576 924 3658 capitale
943 3599 1013 3640 esse
1032 3580 1057 3640 si
1077 3581 1159 3642 inter
1179 3583 1292 3644 milites

214 3707 344 3767 nomina
373 3702 556 3768 dedissent’'
586 3726 659 3780 seu,
685 3715 720 3766 ut
743 3705 853 3766 dicunt
879 3706 1037 3783 „scientes
1060 3716 1093 3767 et
1116 3704 1291 3767 volentes''.

251 3906 268 3965 ¹)
297 3907 446 3969 Marquardt
471 3908 498 3954 ll.
521 3907 564 3957 efr.
591 3914 615 3954 et
633 3921 697 3969 quae
715 3906 821 3954 adnotat
841 3907 929 3968 llardy
947 3922 968 3953 a.
980 3906 1004 3953 h.
1015 3907 1031 3957 l.
1050 3914 1074 3954 et
1092 3921 1156 3969 quae
1175 3905 1245 3954 affert
1263 3922 1293 3952 ex

215 3976 309 4022 llernre
328 3975 389 4020 xlx
413 3973 441 4020 18

247 4046 267 4100 ¹)
286 4042 368 4088 Etiam
395 4040 456 4087 alibi
482 4040 615 4086 discrimen
643 4039 696 4086 freri
723 4040 788 4086 inter
805 4055 848 4086 eos
864 4039 925 4101 „qni
943 4038 1077 4086 voluntarii
1095 4055 1121 4085 se
1139 4039 1293 4086 obtulerint''

215 4117 239 4156 et
258 4109 300 4171 qui
317 4124 360 4167 „se
379 4107 426 4169 legi
446 4107 511 4170 passi
528 4105 594 4153 sint‘’
613 4113 681 4168 patet
699 4122 728 4152 ex
747 4106 805 4167 Dig.
815 4119 856 4166 49,
879 4104 915 4162 16,
925 4119 948 4164 4,
964 4104 993 4150 n⁰
1014 4105 1107 4163 1:,‚Ad
1119 4104 1211 4152 bestias
1220 4104 1294 4151 datus

215 4176 234 4223 si
253 4175 362 4239 profugit
382 4183 406 4221 et
425 4174 534 4220 militiae
550 4189 574 4220 se
591 4173 670 4230 (ledit,
688 4173 841 4236 quandoque
859 4172 974 4219 inventus
992 4171 1073 4234 eapite
1091 4171 1232 4234 puniendus
1246 4178 1291 4222 est:

215 4242 331 4305 idemque
358 4241 543 4288 observandum
571 4241 595 4286 in
622 4256 652 4286 eo
675 4241 720 4301 qni
746 4256 769 4286 se
793 4239 842 4301 legi
863 4246 955 4300 passus
979 4236 1029 4284 Μ’
1048 4237 1100 4284 ibid
1119 4237 1154 4284 n⁰.
1173 4250 1196 4296 9.
1214 4237 1290 4297 „Qni3

215 4317 270 4372 post
289 4308 457 4356 desertionem
475 4308 500 4354 in
518 4307 593 4354 aliam
613 4306 727 4353 militiam
747 4321 835 4352 uruntur
853 4304 975 4351 dederunt
992 4305 1070 4367 legiae
1080 4304 1152 4365 passi
1161 4311 1232 4360 sunt,
1244 4303 1290 4348 lnr-

214 4383 314 4438 perator
332 4382 416 4422 noster
435 4373 476 4439 (T
474 4373 593 4437 rajanm)
612 4373 745 4437 rescripsit,
764 4379 788 4420 et
806 4372 852 4420 hos
870 4371 1010 4429 militariter
1026 4367 1191 4434 puniendos.''
