3114 5130
201 1331 206 1339 ”
289 1321 351 1436 DE
381 1353 536 1417 nuruis
566 1323 710 1457 ferun
740 1353 791 1400 er
822 1323 1016 1462 'J‘ananur
1040 1324 1276 1462 Jpensamus

288 1811 521 1892 Quadringenti
556 1831 658 1892 prope
691 1811 765 1871 anni
800 1820 891 1884 sunt,
927 1832 969 1873 ex
998 1831 1064 1892 quo
1097 1811 1316 1890 Hieronymus

244 1938 407 1999 Avantius
427 1938 622 1999 Veronensis
645 1938 866 2018 Epistularum
889 1938 1018 2018 Trajani
1042 1947 1074 1999 et
1100 1937 1187 1998 Plinii
1212 1946 1319 1998 mutu-

242 2084 333 2125 arum
354 2065 548 2143 singularem
569 2064 684 2125 librum
704 2065 818 2140 edidit,
840 2063 1139 2126 BernardoBembo
1153 2065 1319 2124 notissimo

242 2191 282 2251 illi
318 2191 475 2252 bonarum
510 2192 686 2253 litterarum
718 2202 855 2272 patrono
886 2193 1028 2253 missum.
1064 2191 1157 2273 Quae
1186 2191 1317 2272 quidem

243 2318 416 2398 epistulae,
448 2338 522 2379 cum
554 2339 617 2379 non
653 2320 844 2400 scriptorum
876 2330 1002 2381 tantum
1026 2321 1126 2380 vitam
1150 2339 1261 2380 verum
1285 2329 1317 2379 et

241 2445 301 2505 alia
326 2445 427 2506 multa
451 2446 491 2506 ad
517 2447 697 2506 universam
722 2448 836 2507 aetatis
856 2446 936 2507 illius
949 2445 1113 2507 historiam
1128 2447 1317 2526 pertinentia

242 2573 369 2651 egregie
392 2571 601 2647 illustrarent,
626 2573 766 2633 virorum
786 2574 955 2634 doctorum
976 2575 1100 2634 animos
1113 2573 1162 2633 vel
1176 2574 1318 2633 maxime

242 2699 271 2757 in
315 2719 349 2758 se
388 2709 623 2760 converterunt.
660 2699 808 2781 Quorum
842 2701 892 2761 alii
928 2701 1095 2760 inventum
1130 2699 1317 2761 thesaurum

241 2826 374 2885 summis
410 2825 557 2886 laudibus
591 2825 808 2901 extollebant,
849 2823 1115 2908 „pretiosissimas
1149 2825 1316 2906 ‘gemmas’

241 2961 394 3013 vocantes
429 2972 629 3034 „numquam
664 2973 721 3033 pro
753 2954 855 3033 pretio
879 2953 1132 3029 aestimandas’'‚
1161 2953 1212 3014 alii
1235 2953 1315 3014 libro

242 3098 342 3158 nuper
362 3079 448 3140 edito
468 3078 565 3139 fidem
581 3088 701 3141 temere
718 3079 900 3141 habendam
921 3081 1101 3160 negabant,
1115 3080 1165 3142 alii
1178 3081 1316 3161 denique

242 3205 378 3265 eundem
404 3215 570 3286 tamquam
595 3207 838 3287 suppositicium
852 3226 891 3267 ne
902 3208 981 3267 assis
993 3208 1122 3288 quidem
1136 3206 1315 3269 faciendum

240 3332 480 3393 existimabant.

285 3460 398 3540 Atque
422 3459 576 3519 dissensio
600 3458 650 3519 illa
674 3459 896 3520 sextodecimo
919 3469 993 3540 post
1013 3459 1176 3522 Christum
1188 3460 1315 3521 saeculo

240 3587 368 3646 ineunte
393 3595 508 3646 exorta
531 3622 574 3630 —
597 3605 797 3665 quamquam
822 3606 885 3646 non
910 3606 980 3646 raro
1005 3587 1184 3647 intermissa
1210 3622 1250 3631 -
1273 3587 1314 3647 ad

239 3711 318 3773 haec
354 3733 455 3792 usque
491 3721 638 3791 tempora
673 3712 827 3792 perducta
858 3722 923 3785 est,
957 3733 1061 3792 neque
1091 3711 1187 3774 hodie
1218 3714 1258 3774 de
1281 3734 1315 3774 re

238 3850 443 3900 controversa
473 3840 555 3899 inter
577 3839 662 3898 viros
686 3839 800 3900 doctos
824 3839 919 3919 plane
941 3841 1099 3901 convenit.
1124 3839 1217 3921 Quae
1240 3861 1314 3902 cum

239 3967 282 4025 ita
314 3966 392 4037 sint,
425 3985 488 4025 non
520 3964 629 4025 inutile
652 3985 734 4046 opus
760 3984 812 4025 me
834 3969 991 4026 iacturum
1016 3965 1169 4041 arbitror,
1194 3968 1219 4028 si
1244 3988 1316 4047 pro-

238 4091 356 4152 viribus
386 4093 608 4171 quaestionem
640 4090 723 4152 hanc
754 4093 868 4152 iterum
901 4092 1313 4173 tractandam'suscepero.

238 4219 307 4290 Ac,
334 4219 405 4279 licet
429 4220 484 4279 vix
507 4239 634 4298 sperare
657 4219 760 4279 ausim
784 4217 843 4279 hac
868 4220 1195 4280 commentatiuncula
1216 4222 1315 4281 veteri

237 4345 473 4405 controversiae
497 4343 594 4404 finem
616 4344 746 4404 tandem
766 4344 953 4424 impositum
973 4346 1025 4420 iri,
1048 4366 1130 4424 quae
1149 4345 1211 4406 hoc
1222 4366 1314 4426 prae-

1202 4480 1212 4517 1
