3114 5130
784 462 823 522 14

309 631 391 694 Cum
415 641 525 693 autem
548 631 670 701 indicia,
696 651 738 691 ex
762 630 880 710 quibus
903 630 971 690 libri
994 630 1111 690 veritas
1133 629 1345 708 cognoscitur,

264 759 325 820 alia
356 760 418 819 sint
447 768 597 832 externa,
623 758 682 818 alia
706 778 748 819 ex
772 758 870 838 ipsius
894 757 963 818 libri
985 757 1238 817 consideratione
1261 754 1347 817 colli-

265 895 399 965 gantur,
426 885 456 945 in
480 884 541 946 hae
564 905 661 946 causa
686 894 858 965 utrumque
878 892 1143 963 argumentorum
1165 903 1267 962 genus
1279 882 1346 942 dili-

264 1022 377 1091 genter
389 1013 574 1073 examinare
586 1011 744 1086 conabor,
760 1032 825 1092 quo
838 1010 909 1084 fiet,
925 1019 959 1072 ut
972 1010 1179 1091 epistularum
1194 1005 1345 1070 αὐθεντία

264 1138 306 1199 ab
331 1140 418 1199 omni
441 1148 533 1219 parte
557 1138 738 1201 illustretur.

309 1264 370 1344 Et,
396 1274 431 1326 ut
454 1265 496 1325 ab
520 1237 676 1339 esternis,
702 1283 786 1349 quae
813 1273 984 1338 vocantur,
1006 1264 1204 1343 argumentis
1222 1262 1345 1329 initium

265 1390 394 1465 faciam,
425 1411 508 1471 quae
539 1400 571 1452 et
597 1391 713 1452 certius
745 1399 997 1469 cognoscuntur,
1031 1399 1063 1451 et
1092 1389 1210 1450 facilius
1234 1388 1347 1467 dijudi-

266 1527 395 1593 cantur,
424 1538 498 1578 cum
524 1518 629 1578 codex
658 1517 707 1578 ille
731 1518 850 1591 unicus,
875 1538 941 1597 quo
965 1517 1052 1578 Plinii
1076 1527 1108 1578 et
1130 1515 1259 1595 Trajani
1282 1517 1347 1596 epi-

265 1643 368 1705 stulae
391 1653 536 1704 servatae
560 1652 644 1719 suut,
669 1652 851 1724 temporum
876 1643 986 1723 injuria
1010 1645 1050 1705 sit
1073 1644 1225 1717 amissuS,
1247 1651 1347 1703 restat

267 1779 302 1831 ut
340 1771 536 1850 inquiramus
567 1771 697 1851 quinam
727 1770 768 1831 illi
798 1771 855 1832 viri
886 1772 1016 1847 fuerint,
1046 1773 1100 1851 qui
1135 1790 1169 1831 se
1203 1770 1345 1831 codicem

267 1896 355 1958 illum
379 1906 435 1959 aut
459 1897 632 1971 invenisse,
658 1907 713 1958 aut
738 1897 870 1971 vidisse,
894 1907 951 1960 aut
974 1897 1110 1959 edidisse
1133 1906 1300 1958 testentur.

311 2024 441 2108 Etenim
465 2025 513 2084 vir
528 2025 660 2105 quidam
680 2025 900 2099 doctissimus,
914 2025 1063 2105 idemque
1075 2034 1220 2085 veterum
1234 2044 1348 2084 monu-

267 2162 449 2214 mentorum
480 2152 689 2232 peritissimus
708 2151 911 2212 existimator
929 2161 961 2212 et
977 2151 1078 2230 judex
1109 2151 1185 2229 „ubi
1205 2151 1347 2225 codices,

267 2280 388 2360 inquit,
413 2280 638 2360 manuscripti,
663 2279 705 2339 ab
729 2279 835 2360 aliquo
861 2279 947 2359 typis
966 2279 1057 2352 editi,
1079 2280 1136 2359 ipsi
1145 2279 1212 2359 jam
1226 2278 1346 2338 consuli

268 2427 330 2466 non
355 2416 507 2486 possunt,
533 2407 599 2467 sive
619 2407 693 2486 quia
716 2407 935 2486 deperierunt,
961 2407 1027 2467 sive
1051 2406 1094 2466 ob
1114 2405 1209 2466 aliam
1233 2426 1347 2486 quam-

267 2533 344 2593 libet
369 2534 542 2608 rationem,
568 2532 646 2594 fides
670 2533 816 2594 editionis
840 2534 1013 2612 integritati
1032 2532 1181 2593 habenda
1206 2534 1347 2593 maxime

267 2661 386 2740 pendet
410 2680 452 2721 ex
476 2661 683 2732 auctoritate,
706 2680 761 2721 seu
784 2670 861 2721 nota
880 2660 1041 2740 probitate
1061 2661 1236 2721 etscientia
1249 2660 1346 2740 ipsius

267 2784 426 2846 editoris,”
441 2784 466 2866 ¹)

311 2911 355 2974 Et
390 2933 448 2972 nos
478 2913 574 2991 igitur
607 2912 746 2992 primum
783 2912 813 2970 in
849 2910 973 2971 illorum
1011 2911 1107 2971 fidem
1142 2921 1175 2972 et
1209 2913 1346 2973 auctori-

269 3048 369 3100 tatem
412 3039 625 3118 inquiremus,
661 3039 716 3117 qui
751 3038 893 3098 nascenti
927 3038 1018 3117 quasi
1053 3037 1132 3098 libro
1166 3037 1345 3100 adsuerunt.

268 3164 341 3245 Qua
374 3166 404 3225 in
439 3164 655 3245 disputatione
690 3163 888 3235 Avantium,
921 3164 1059 3243 primum
1090 3163 1160 3223 libri
1192 3164 1347 3225 editorem

269 3302 301 3353 et
342 3293 471 3353 Petrum
509 3290 711 3364 Leandrum,
746 3311 765 3350 a
799 3311 865 3370 quo
899 3291 1016 3351 codicis
1050 3290 1275 3370 apographum
1313 3311 1347 3349 se

270 3421 430 3500 accepisse
462 3418 512 3480 ille
542 3418 668 3493 scribit,
700 3419 842 3498 itemque
866 3438 921 3478 eos
944 3419 999 3498 qui
1022 3418 1171 3498 deinceps
1194 3418 1346 3499 epistulas

268 3549 500 3630 repetiverunt,
533 3545 742 3619 Beroaldum,
775 3545 972 3607 Catanaeum
1005 3545 1170 3620 omittam,
1199 3564 1272 3605 cum
1301 3546 1346 3625 ip-

267 3696 375 3737 sorum
406 3673 579 3735 auctoritas
609 3673 707 3733 levior
737 3691 806 3732 esse
828 3671 983 3732 videatur.
1009 3670 1086 3731 Aldi
1110 3690 1185 3730 vero
1208 3670 1343 3731 Manutii

275 3845 467 3855 ...———-—-

268 3941 325 3986 dem
352 3937 451 3984 werden
480 3935 582 3981 Kenuer
608 3936 695 3982 beider
715 3934 1269 3995 l‹'01·scln1ugsgel1iereaugcben‚‹lassman
1289 3936 1345 3981 dem

271 4030 300 4064 10
328 4015 411 4062 lluclre
436 4015 480 4061 der
507 4013 681 4061 l'liuiusluiele
709 4030 754 4060 nur
782 4013 865 4060 (ilttck
892 4014 1025 4061 u'unschen
1049 4013 1347 4072 ka1111,sicltrrielttinr

268 4097 356 4144 Neueu
384 4095 545 4141 'l'estameute
574 4108 601 4138 zu
630 4091 761 4139 besmdeu:
789 4109 833 4139 vor·
859 4093 915 4138 dem
935 4091 1098 4138 Selmrllrliek
1116 4108 1217 4139 unserer
1237 4093 1348 4139 Kritilrer

267 4175 352 4221 uttrde
370 4190 396 4220 es
414 4172 520 4219 alsdaun
538 4171 604 4218 wohl
624 4187 666 4217 nus
684 4179 799 4218 :tussemu
818 4172 864 4218 uie
878 4172 980 4217 inneren
992 4171 1192 4219 Grttnrlennicht
1203 4172 1322 4218 bestelren
1334 4174 1347 4194 ’¹

224 4269 226 4274 ·
306 4253 323 4309 ¹)
341 4255 370 4302 C,
390 4253 421 4299 de
439 4250 534 4299 Smedt,
553 4249 708 4297 Introductio
725 4251 849 4312 generalis
866 4251 898 4298 ad
913 4251 1041 4297 historiam
1053 4251 1347 4298 licelesiasticamcritice

268 4333 433 4381 tractandam.
453 4329 569 4377 Gandavi
589 4327 652 4389 1876
671 4347 694 4394 p,
717 4342 753 4391 17.
