3114 5130
729 452 766 518 55

209 625 433 708 durchgangig
462 603 531 687 l<lar
561 647 710 707 gewesen
741 649 778 688 zu
804 628 888 703 sein,
913 625 1061 707 obgleich
1086 626 1130 687 sie
1154 625 1207 687 ihu
1233 628 1291 688 mit

209 753 461 834 Stillschweigen
495 753 688 834 ubergehen.
721 754 838 835 Trajan
864 753 987 816 scheint
1010 754 1068 814 auf
1085 754 1136 814 die
1160 754 1292 815 Grunde

209 880 327 943 welche
357 881 407 941 die
440 882 605 961 Apameer
635 881 684 942 sur
717 880 764 941 ihr
796 880 1001 961 angebliches
1034 880 1194 972 Vtorrecht
1218 902 1291 942 vor-

208 1008 362 1070 brachten
383 1006 469 1069 nicht
488 1007 570 1069 eben
590 1007 651 1068 viel
672 981 819 1068 Gewicht
839 1006 947 1088 gelegt
968 1028 1006 1067 zu
1026 1005 1141 1082 haben,
1156 1006 1291 1092 („videri

208 1130 357 1218 volunt'')
389 1134 497 1208 allein,
521 1134 562 1194 da
586 1135 630 1194 sie
654 1132 754 1196 selbst
778 1133 850 1194 dem
877 1133 993 1194 Plinius
1017 1133 1067 1194 die
1090 1132 1235 1196 Einsicht
1259 1135 1290 1194 in

207 1261 273 1323 ihre
297 1259 518 1341 Rechnungen
544 1260 630 1322 nicht
653 1261 881 1341 verweigerten
899 1311 904 1334 ,
925 1281 961 1320 so
981 1261 1080 1322 meint
1093 1260 1210 1340 Trajan
1223 1259 1289 1322 sich

207 1367 263 1450 der
276 1390 424 1450 weiteren
437 1388 577 1469 Prufung
591 1387 673 1448 ihrer
685 1387 817 1449 Grunde
832 1386 1017 1448 uberheben
1031 1408 1069 1447 zu
1082 1386 1244 1448 honnen.''
1261 1384 1289 1471 ¹)

252 1518 327 1599 Quo
359 1527 467 1579 tanren
491 1516 686 1597 probitatem
709 1517 726 1576 i.
742 1537 768 1577 e.
793 1516 984 1596 obsequium
1008 1534 1119 1575 eorum
1144 1534 1290 1584 remune-

207 1655 293 1706 retur
324 1644 413 1706 addit
443 1642 600 1723 Trajanus
624 1643 710 1723 „jam
735 1663 819 1704 nunc
844 1643 946 1704 sciant
968 1641 1030 1702 hoc
1054 1641 1141 1722 quod
1164 1642 1290 1722 inspec-

206 1780 297 1832 turus
328 1790 362 1831 es
395 1790 436 1830 ex
460 1789 533 1830 mea
556 1769 723 1832 voluntate
747 1770 841 1830 salvis
866 1790 949 1849 quae
972 1767 1094 1830 habent
1117 1769 1288 1849 privilegiis

206 1881 275 1958 esse
299 1894 477 1958 facturum''
504 1897 521 1956 i
538 1918 564 1957 e.
590 1895 818 1977 praejudicium
844 1894 964 1956 nullum
990 1895 1091 1956 isdem
1116 1894 1287 1957 allaturum

207 2023 268 2106 (ita
292 2031 328 2084 ut
349 2022 530 2084 ulteriorem
545 2023 575 2082 in
587 2020 753 2102 privilegia
765 2021 1004 2101 inquisitionem
1017 2022 1052 2081 in·
1060 2019 1145 2082 aliud
1159 2030 1287 2102 tenipus

208 2148 335 2228 rejiciat.
349 2146 378 2231 ³)

250 2275 343 2357 Quae
377 2295 450 2337 curn
485 2276 529 2337 ita
564 2275 627 2335 sint
661 2295 744 2354 quae
779 2273 912 2355 protulit
945 2274 1066 2354 Ussing
1090 2275 1193 2335 inania
1217 2295 1286 2336 esse

205 2403 366 2464 existimo.

249 2529 410 2610 Quoniam
452 2528 510 2588 tria
545 2536 672 2588 tantum
706 2524 800 2587 huius
835 2527 960 2606 generis
996 2526 1146 2608 exempla
1183 2527 1284 2590 adfert

206 2657 342 2737 Ussing,
368 2655 489 2717 nullum
514 2676 557 2716 ex
579 2654 627 2716 his
651 2655 971 2735 praetermittendum
995 2677 1065 2716 esse
1088 2656 1184 2732 duxi,
1210 2676 1283 2717 cum

204 2784 391 2864 praesertim
414 2803 456 2843 ex
480 2781 537 2842 illis
562 2780 733 2842 clarissime
749 2781 895 2862 *conspici
909 2783 1026 2862 possit,
1041 2783 1071 2843 in
1086 2791 1225 2863 quantos
1238 2803 1286 2843 er-

203 2932 290 2973 rores
312 2909 362 2971 vel
386 2918 495 2972 tantae
519 2909 703 2969 eruditionis
728 2910 848 2985 virum,
874 2908 1089 2990 praejudicata
1110 2911 1218 2990 opinio
1239 2911 1284 2970 in-

204 3039 343 3100 duxerit.

247 3163 429 3245 Epistulam
453 3162 540 3223 Plinii
565 3163 680 3244 iterum
704 3163 863 3242 integram
888 3183 950 3223 una
974 3181 1049 3224 cum
1070 3161 1198 3241 Trajani
1219 3182 1284 3222 res-

203 3312 306 3373 ponso
341 3290 538 3369 adscribam,
577 3311 643 3369 quo
674 3288 794 3350 facilius
826 3289 925 3350 totius
948 3289 1144 3369 quaestionis
1170 3297 1283 3350 natura

205 3417 344 3498 intellegi
368 3427 475 3498 queat.

248 3545 456 3624 „Potentibus
479 3544 674 3625 quibusdam
698 3580 741 3588 -
765 3542 808 3604 ita
832 3541 940 3602 scribit
964 3541 1081 3603 Plinius
1105 3577 1148 3587 -
1170 3550 1205 3603 ut
1223 3542 1282 3602 sibi

202 3672 350 3752 reliquias
372 3690 503 3731 suorum
524 3679 578 3732 aut
600 3679 731 3751 propter
744 3668 888 3749 injuriam
901 3669 1071 3731 vetustatis
1082 3678 1139 3730 aut
1151 3679 1283 3749 propter

202 3796 340 3858 fluminis
359 3797 520 3858 incursum
540 3795 666 3877 aliaque
685 3794 733 3856 his
745 3793 858 3856 similia
870 3815 1093 3876 quaecumque
1105 3795 1281 3857 secundum

202 3925 388 4007 exemplum
412 3924 640 4005 proconsulum
664 3923 833 3986 transferre
856 3924 1091 4003 permitterem,
1117 3923 1192 4003 quia
1204 3924 1276 3984 scie·

235 4249 252 4309 ¹)
273 4250 301 4296 ln
319 4250 430 4297 editione
447 4266 492 4297 sua
510 4249 617 4312 Epistul.
639 4249 736 4296 l’linian
755 4266 776 4298 a.
795 4248 820 4298 h,
838 4248 854 4297 l.
874 4248 946 4308 Tom,
965 4249 990 4295 ll
1010 4265 1032 4311 p,
1052 4262 1108 4311 339,

234 4328 253 4388 ²)
272 4331 390 4380 Ceterum
408 4329 451 4380 clr.
470 4338 494 4377 et
514 4329 603 4391 Hardy
621 4345 643 4379 a,
662 4329 686 4379 h.
703 4329 719 4379 l.
739 4337 763 4376 et
781 4329 925 4376 Mommsen
944 4328 1049 4380 Staarsr.
1066 4329 1123 4392 up,
1136 4328 1245 4393 1035110,
1259 4343 1283 4382 1.
