3114 5130
727 440 765 503 61

211 635 393 709 trequenter
416 628 557 708 legatur:
583 628 808 707 „intributio'',
833 630 909 710 quid
934 639 998 702 est,
1023 630 1111 710 quod
1124 631 1289 711 aptissimo

211 755 304 816 huius
327 756 415 817 verbi
441 777 499 817 usu
518 765 616 818 tanto
639 777 736 837 opere
759 756 959 818 offendamur
976 753 1014 840 ¹).

256 881 342 963 Quid
365 883 495 944 tandem
509 883 679 944 dicendum
692 883 732 943 de
744 881 847 944 hisce:
861 883 913 960 „in
927 883 1055 944 inritum
1068 881 1250 955 vindicari”,
1264 883 1291 962 ⁸²)

212 1017 269 1070 aut
292 1009 477 1089 „quantitas
497 1002 696 1097 usurarum',
710 1009 736 1092 3)
758 1009 819 1087 „de
837 1010 941 1071 officio
962 1008 1116 1070 foederis'’
1137 1008 1209 1095 (pro
1228 1030 1293 1087 „ex

212 1133 357 1196 foedere”
371 1132 415 1218 l⁶),
439 1136 555 1217 quibus
578 1134 785 1216 gravissime*
809 1137 992 1216 indignatur
1015 1137 1155 1217 Ussing?

258 1261 343 1323 Sane
368 1283 430 1322 non
458 1263 483 1322 is
507 1283 578 1323 sum
602 1264 656 1343 qui
670 1283 785 1344 negem
798 1262 926 1343 Trajani
939 1262 1095 1325 scribendi
1112 1283 1214 1343 genus
1228 1283 1291 1328 non

214 1407 284 1448 esse
307 1396 374 1448 tam
399 1386 528 1467 elegans
551 1397 584 1449 et
607 1389 799 1449 concinnum
824 1408 921 1469 quam
946 1387 1049 1462 Plinii,
1075 1389 1175 1449 fateor
1195 1390 1224 1448 in
1246 1408 1293 1448 re-

215 1516 339 1596 sponsis
351 1514 408 1576 illis
423 1514 574 1576 nonnulla
586 1515 752 1576 obscurius
764 1525 820 1577 aut
829 1515 1041 1595 negligentius
1051 1535 1120 1577 esse
1129 1535 1292 1595 expressa,
1336 1528 1337 1532 ’

147 1727 150 1732 ι
216 1662 320 1723 neque
343 1653 451 1705 tamen
477 1642 619 1704 concedo
642 1652 792 1726 „teritum
816 1641 867 1703 illa
891 1663 908 1703 a
929 1641 1016 1702 Plinii
1029 1642 1153 1723 scriptis
1165 1641 1291 1713 distare,

216 1780 374 1850 quantum
398 1769 578 1831 barbariem
603 1769 698 1830 medii
722 1771 791 1830 aevi
811 1769 853 1830 ab
883 1769 1089 1849 antiquorum
1109 1778 1292 1849 temporum

218 1893 375 1977 cultu.''⁵)

262 2022 379 2084 Onmia
415 2023 465 2084 illa
500 2023 641 2103 Ussingii
677 2034 867 2104 argumenta
892 2024 953 2086 hoc
978 2045 1077 2085 unum
1102 2024 1294 2099 ostendunt,

218 2160 374 2230 quantum
410 2151 450 2211 sit
484 2149 658 2210 dolendum
694 2150 815 2211 nullum
841 2151 908 2230 jam
940 2151 1053 2212 harum
1085 2150 1293 2232 epistularum

218 2277 361 2337 codicem
388 2277 641 2357 manuscriptum
666 2286 811 2352 exstare,
835 2298 901 2357 quo
926 2276 1071 2338 adhibito
1093 2276 1179 2337 haud
1193 2296 1296 2357 pauca

218 2411 322 2462 errata
346 2403 459 2481 corrigi
484 2401 617 2464 fortasse
641 2403 831 2484 potuissent.
845 2400 872 2485 6)
897 2404 1011 2484 Atque
1034 2405 1064 2464 in
1092 2403 1152 2465 hac
1166 2403 1313 2483 quidem

218 2549 252 2588 re
282 2549 356 2589 eum
390 2529 476 2590 Plinii
500 2538 532 2590 et
555 2527 683 2607 Trajani
708 2528 850 2609 epistulis
873 2538 949 2609 apte
973 2530 1150 2609 comparari
1174 2529 1296 2608 possint
1365 2569 1368 2575 ,

219 2655 331 2717 Velleii
362 2655 517 2717 Paterculi
541 2654 610 2715 libri
633 2656 687 2736 qui
711 2665 792 2736 quot
816 2655 900 2726 vitiis
924 2656 1089 2736 depravati
1113 2656 1175 2717 sint
1199 2663 1297 2734 atque

219 2784 360 2864 corrupti
394 2791 506 2843 notum
532 2791 580 2843 est
604 2783 697 2857 satis,
722 2801 795 2842 cum
820 2792 852 2843 et
875 2767 941 2863 quo
965 2783 1082 2843 servati
1106 2783 1169 2843 sint
1193 2781 1298 2842 codex

222 2910 456 2989 manuscriptus
482 2918 664 2988 temporum
689 2907 798 2988 injuria
822 2909 942 2969 amisus
967 2909 1015 2970 sit.

265 3036 321 3097 Ad
346 3036 476 3098 tertium
501 3035 642 3114 Ussingii
667 3044 895 3113 argumentum
920 3036 1096 3096 veniamus.

265 3161 320 3240 „Si
350 3162 569 3223 condicionem
602 3182 700 3242 quam
732 3172 849 3224 vocant
874 3163 1015 3224 criticam
1039 3161 1219 3246 („Kritisl<e
1243 3161 1299 3222 vil·
1362 3222 1364 3227 Α

221 3287 336 3372 kaar”)
373 3297 515 3368 spectes,
549 3288 650 3368 inquit
682 3288 819 3366 Ussing,
851 3297 978 3349 tantum
1010 3289 1091 3349 inter
1122 3287 1210 3348 Plinii
1234 3288 1300 3368 epi-

226 3445 420 3456 ————

259 3540 277 3601 1)
296 3542 325 3590 Τ,
344 3553 382 3600 24.
402 3539 445 3588 efr.
464 3538 522 3601 Ulp,
542 3538 599 3600 Dig,
617 3551 657 3598 49,
679 3536 715 3599 18,
734 3552 757 3597 4.
776 3565 808 3572 -
827 3549 865 3601 30,
883 3552 907 3597 4,
926 3535 948 3600 6,
968 3536 1005 3585 nl,
1023 3551 1046 3597 4.
1068 3537 1303 3600 -1Parrl,Dig,50‚

226 3635 245 3683 1,
264 3634 294 3668 22
314 3620 350 3670 11⁰.
370 3632 392 3681 7.

257 3698 276 3756 ²>
295 3701 324 3749 T.
346 3711 399 3748 111.
568 3694 588 3756 3)
606 3697 635 3743 Τ-
655 3706 693 3759 55-
865 3695 885 3752 ⁴)
903 3698 933 3746 Τ.
952 3710 991 3758 93-

258 3778 280 3841 ⁵)
299 3778 392 3840 Ussing
409 3778 435 3827 ll.
454 3795 477 3840 p.
496 3789 535 3826 22.

258 3857 278 3923 8)
298 3859 496 3918 Nonnumquam
524 3861 548 3901 et
567 3856 650 3918 palam
669 3863 734 3902 errat
754 3856 846 3917 Ussing
864 3863 890 3902 ut
908 3871 964 3902 cunr
984 3873 1007 3918 p,
1027 3869 1057 3917 23
1077 3856 1220 3903 contendit:
1241 3857 1305 3919 „pri-

223 3938 357 4000 vilegium”
385 3952 414 3984 ea
440 3934 624 3996 significatione
642 3935 783 3982 adhibitum
803 3951 852 3998 qna
870 3936 977 3982 occurrit
996 3936 1025 3985 T.
1043 3948 1089 3997 47:
1104 3936 1239 3994 „habuisse
1257 3937 1305 3999 pri-

222 4018 340 4080 vilegium
360 4024 384 4063 et
403 4015 597 4062 vetustissimum
618 4031 713 4061 morem
734 4016 836 4066 ar'bitrio
855 4032 901 4062 suo
920 4015 1101 4078 rempublicam
1112 4014 1303 4063 administrare'’

188 4129 191 4134 -
223 4096 296 4157 (forte
312 4096 462 4157 legendnm:
480 4092 719 4153 ,adminisn-andt’)
736 4110 789 4142 esse
807 4095 913 4140 omnino
932 4109 1013 4140 recens
1028 4095 1115 4158 (quare
1124 4094 1230 4140 incisum
1240 4094 1303 4141 illud

223 4189 253 4220 ex
270 4174 345 4221 Plinii
363 4173 470 4236 epistula
488 4172 564 4233 ejicit)
583 4175 639 4219 cum
658 4180 742 4219 tamen
762 4173 829 4220 dicat
848 4173 952 4219 Paulus:
972 4171 1041 4220 Sent.
1059 4172 1082 4218 V
1103 4184 1139 4231 12,
1159 4172 1305 4231 roffi-ivr-

224 4252 317 4316 legium
337 4251 397 4316 fisci
422 4259 458 4300 est
484 4253 549 4299 inter
575 4267 663 4299 omnes
688 4253 824 4300 creditores
850 4252 957 4314 priorum
984 4251 1068 4299 locum
1094 4249 1194 4298 tenere'’
1218 4250 1262 4300 cir.
1281 4258 1305 4298 et

226 4331 339 4392 Georges
358 4332 373 4379 i.
391 4348 414 4380 v.
