3114 5130
751 487 808 550 115

317 661 356 721 T.
386 677 443 724 102
477 659 641 721 Avarities
673 661 789 739 „Diem
822 681 905 741 quae
933 661 963 721 in
987 661 1087 723 tutela
1111 662 1235 742 generis
1259 659 1317 721 hu-

704 789 789 848 mani
793 834 890 848 .....
916 787 1069 849 translata
1093 786 1173 850 est''.

472 912 580 974 Aldus
670 915 786 992 „Diem
811 917 840 975 in
865 934 962 996 quem
988 914 1088 977 tutela
1111 914 1190 977 cet.''

469 1040 533 1102 Sed
557 1037 587 1109 J
672 1042 788 1119 „Diem
812 1063 877 1123 quo
901 1043 932 1102 in
952 1053 984 1104 te
1003 1042 1104 1104 tutela
1125 1042 1207 1105 cet.”
1228 1044 1316 1124 quod

703 1178 816 1249 postea
848 1167 983 1248 conjecit
1007 1170 1043 1249 J„
1060 1170 1096 1230 F.
1123 1169 1315 1231 Gronovius

283 1293 337 1355 Ex
355 1292 440 1356 hisce
460 1316 543 1375 quae
563 1318 604 1357 ex
625 1296 749 1376 Hardyi
770 1297 987 1377 disputatione
999 1297 1175 1357 maximam
1190 1306 1315 1377 partem

238 1420 438 1502 deprompsi,
462 1423 492 1482 in
516 1445 580 1504 qua
603 1424 715 1484 eadem
740 1423 842 1485 multo
866 1424 1025 1504 copiosius
1045 1433 1077 1484 et
1097 1423 1195 1484 fusius
1215 1443 1316 1503 expo-

239 1557 373 1624 nuntur,
405 1549 456 1609 vir
492 1550 576 1610 idem
611 1550 814 1611 doctissimus
848 1549 943 1611 efficit
983 1553 1015 1611 et
1051 1549 1139 1610 Aldo
1163 1549 1316 1628 majorem

238 1674 403 1755 aliquanto
434 1675 530 1736 tidem
561 1677 850 1756 auctoritatemque
881 1697 958 1775 essex
982 1675 1185 1738 tribuendam
1217 1696 1314 1756 quam

238 1802 357 1864 tribuat
382 1802 470 1877 Keil,
497 1804 550 1882 qui
575 1802 663 1863 Aldo
687 1802 874 1883 plerumque
900 1803 1077 1864 Avantium
1102 1802 1275 1883 praeferat,
1293 1800 1318 1885 ¹)

237 1933 269 1991 et
304 1931 490 2009 praesertim
524 1951 542 1989 a
577 1929 740 2009 Jucund0,
772 1931 821 1989 cui
854 1929 1093 1990 emendationes
1116 1929 1147 1989 in
1172 1928 1317 2008 margine

237 2056 344 2117 deberi
377 2065 462 2118 recte
494 2055 619 2135 conjicit
649 2055 780 2134 Hardy,
815 2076 878 2115 non
911 2057 1015 2116 minus
1046 2065 1193 2117 accurate
1216 2075 1315 2135 quam

239 2192 332 2242 acute
359 2183 487 2242 Parisini
511 2182 628 2242 codicis
651 2192 683 2243 et
707 2184 848 2260 priorum
873 2182 1048 2244 editionum
1073 2183 1223 2243 lectiones
1247 2203 1316 2244 esse

239 2306 413 2385 descriptas
437 2316 469 2368 et
482 2306 685 2368 emendatas:
700 2306 792 2384 „The
804 2308 932 2387 general
945 2307 1067 2387 fidelity
1081 2345 1122 2354 -
1136 2310 1179 2370 ita
1192 2310 1260 2390 ipse
1273 2348 1315 2354 —

239 2432 276 2493 ol
301 2433 482 2512 Jucundus,
516 2435 680 2514 assuming
710 2433 776 2495 him
809 2444 843 2496 to
874 2435 914 2495 be
944 2433 998 2496 the
1022 2435 1154 2515 original
1178 2436 1215 2497 of
1231 2436 1266 2515 J,
1290 2438 1315 2498 is

239 2560 429 2640 sufficiently
453 2561 574 2641 proved
598 2561 643 2640 by
666 2559 720 2622 the
743 2560 965 2623 confirmation
990 2561 1027 2622 os
1044 2560 1092 2623 his
1115 2563 1263 2643 readings
1283 2564 1313 2624 in

239 2710 257 2748 a
281 2708 359 2767 very
387 2688 474 2767 large
499 2688 633 2748 number
657 2687 693 2748 of
711 2708 800 2748 cases
822 2688 868 2767 by
891 2689 943 2762 M,
968 2689 1031 2749 and
1055 2690 1085 2749 in
1110 2709 1128 2749 a
1152 2688 1209 2749 few
1233 2688 1313 2752 both

239 2815 284 2895 by
307 2817 341 2876 M
364 2815 426 2876 and
453 2815 602 2900 Budaeus
619 2812 685 2898 ²).”
1026 2789 1028 2793 V

283 2942 366 3005 Sunt
388 2953 497 3004 autem
521 2951 686 3022 praeterea
709 2950 848 3021 quatuor
871 2940 947 3014 loci,
973 2940 1026 3002 ubi
1048 2941 1074 3020 J.
1094 2938 1314 3026 (1011111011-

239 3073 341 3132 tiones
365 3071 396 3130 in
420 3069 576 3149 margine)
597 3088 670 3129 cum
683 3067 751 3128 sola
764 3068 866 3148 prima
884 3067 1022 3129 editione
1034 3066 1186 3129 Catanaei
1199 3066 1313 3146 (1506)

238 3198 412 3271 consentit,
444 3205 556 3257 contra
587 3195 664 3256 alias
693 3213 799 3254 artures
830 3194 1001 3263 editiones,
1036 3212 1206 3274 annusque
1236 3191 1314 3253 alios

239 3323 335 3383 libros
359 3343 455 3383 manu
481 3323 624 3402 scriptos.

284 3447 347 3528 Qui
370 3447 500 3527 quidem
525 3446 583 3507 loci
606 3445 637 3507 hi
662 3456 753 3507 sunt:

239 3573 300 3654 Ep.
326 3574 349 3649 l,
377 3587 391 3651 5
434 3586 468 3650 15
591 3570 621 3641 J
628 3584 660 3635 et
675 3568 839 3656 Caritate)
861 3571 999 3635 habent:
1024 3570 1312 3635 aiaxrxrx'tarrrw.

594 3696 701 3759 Aldus
724 3696 839 3782 (1508)
862 3695 1111 3782 δυσκαθαίρετον.

276 3881 297 3936 ¹)
315 3878 360 3925 clr.
387 3877 444 3924 Keil
463 3877 488 3926 ll.
507 3894 531 3939 p.
550 3876 687 3925 XXXVII.
708 3876 764 3923 liae
782 3876 807 3922 in
826 3892 851 3923 re
869 3876 993 3923 consentit
1013 3875 1101 3936 llardy
1118 3890 1175 3922 cum
1193 3875 1312 3937 Ussingio

236 3958 277 4019 qui
296 3957 363 4004 idem
382 3964 466 4004 monet
484 3957 509 4006 11.
528 3974 552 4019 p,
571 3968 584 4003 2
588 3969 602 4018 3
620 3961 687 4004 nota.

276 4038 358 4094 Ξ)1;11,
376 4054 440 4099 quae
458 4052 532 4098 supra
550 4035 581 4081 de
600 4035 646 4082 liae
664 4035 810 4097 ‹piaestioue
828 4035 954 4097 disputavi
972 4051 1013 4097 pp.
1032 4046 1064 4080 20
1082 4051 1135 4096 sqq.

275 4114 294 4175 3)
314 4117 361 4162 Pro
376 4117 456 4177 prima
473 4115 583 4163 editione
601 4115 723 4162 Catanaei
741 4113 853 4170 (lllediol.
875 4112 947 4175 1506)
965 4128 1029 4175 quae
1047 4113 1072 4158 in
1091 4111 1207 4158 leidensi
1225 4112 1313 4160 biblio·

239 4195 311 4241 tlreea
335 4210 383 4240 non
409 4195 594 4248 inveniebatur,
613 4192 1018 4242 1111111111,111111111111111111.
1040 4201 1110 4253 1510,
1127 4206 1190 4252 (luae
1208 4198 1233 4236 et
1251 4199 1313 4237 teste

240 4274 344 4335 llardyo
371 4273 473 4319 (1111111111)
498 4289 554 4320 cuni
584 4273 628 4323 lid.
659 4271 721 4335 1506
747 4270 872 4318 consentit
896 4278 933 4329 et,
951 4279 1073 4333 (plantum
1092 4268 1143 4315 vidi
1161 4284 1216 4315 cum
1236 4269 1313 4316 Keilii

239 4353 363 4400 lemmatis
381 4353 484 4399 onminn
502 4352 624 4414 congruit,
641 4367 718 4416 «piare
735 4366 790 4398 eam
808 4350 864 4399 Cat.
882 4349 893 4396 l
912 4349 1036 4410 insignivi,
