3114 5130
754 467 796 527 86

238 671 353 736 essent,
372 697 415 706 -
438 681 562 742 poenae
586 659 764 721 reddendos
788 680 857 720 esse
880 661 1082 740 rescripserat
1100 660 1139 740 ¹).
1159 657 1312 718 Nondum

238 791 321 849 enirn
358 789 535 868 Imperator
557 797 713 850 statuerat
737 786 847 865 „illum
870 789 924 867 qui
947 785 1109 850 Christum
1133 788 1314 866 negavisset

238 917 397 997 praeteriti
418 917 544 977 veniam
566 936 607 976 ex
628 916 822 996 paenitentia
838 914 1029 996 impetrare”
1047 915 1087 996 ²).
1108 916 1216 997 Quare
1227 914 1314 976 haud

239 1046 353 1105 mirum
383 1043 513 1104 eosdem
538 1041 612 1103 nihil
636 1042 710 1103 mali
735 1041 817 1104 ultro
840 1043 993 1103 adversus
1016 1041 1213 1104 Christianos
1235 1062 1313 1103 con-

237 1171 383 1247 finxisse,
405 1172 461 1232 sed
481 1193 523 1232 ex
541 1171 584 1232 rei
604 1170 739 1232 veritate
758 1191 842 1250 quae
859 1170 1038 1246 novissent,
1061 1190 1130 1230 esse
1142 1169 1312 1230 confessos

281 1299 355 1360 Non
380 1299 485 1359 minus
509 1298 621 1359 eadem
645 1297 733 1358 Plinii
756 1297 854 1358 verba
878 1296 999 1358 Aubco
1021 1294 1151 1357 -licet
1175 1295 1235 1356 alio
1258 1315 1314 1356 no-

238 1427 323 1487 mine
345 1462 388 1472 -
411 1425 585 1506 displicent.
611 1425 674 1506 Qui
697 1424 759 1485 hoc
780 1444 842 1484 non
863 1424 980 1504 probat
999 1423 1132 1484 Plinium
1152 1432 1219 1483 tam
1232 1422 1313 1483 bene

238 1554 279 1615 de
309 1553 495 1616 Christianis
528 1553 680 1613 sensisse:
706 1551 749 1629 „il
772 1560 821 1612 est
844 1551 905 1612 fort
928 1550 1085 1629 acrone,
1110 1569 1173 1628 que
1196 1548 1224 1608 le
1247 1549 1313 1608 vrai

238 1679 325 1741 Pline
348 1679 376 1740 le
395 1679 491 1760 jeune
514 1679 639 1760 pensait
662 1687 694 1740 et
713 1678 827 1758 parlait
850 1678 906 1739 des
929 1677 1095 1740 Chretiens
1118 1696 1245 1738 comme
1263 1697 1313 1736 ses

237 1807 324 1868 deux
352 1807 432 1868 arnis
456 1804 598 1867 Suetone
621 1815 653 1866 et
675 1803 809 1866 Tacite'’
827 1804 866 1885 3).
890 1804 954 1866 Sed
978 1802 1057 1865 haec
1080 1804 1147 1884 ipse
1170 1803 1217 1863 vir
1239 1802 1314 1863 doc-

238 1935 378 1996 tissimus
401 1943 477 2013 apte
502 1932 627 2008 refellit,
653 1932 805 1993 dicendo:
830 1932 900 2009 „La
924 1930 1107 2012 sympathic
1129 1931 1259 2011 mitigee
1278 1931 1318 1991 de

239 2062 326 2123 Pline
351 2081 433 2142 pour
455 2081 539 2122 ceux
563 2057 640 2140 qu’il
660 2058 739 2140 juge
762 2057 941 2140 s’explique
965 2080 1053 2120 assez
1076 2079 1134 2140 par
1156 2059 1185 2119 la
1210 2058 1318 2119 mocle-

238 2189 340 2250 ration
360 2188 400 2248 de
419 2190 579 2249 caractere
599 2186 709 2249 decet
729 2186 861 2247 homme
875 2186 918 2247 du
932 2186 1052 2247 monde·
1061 2186 1160 2261 doux,
1174 2184 1316 2260 humain,

238 2326 271 2377 et
303 2336 344 2376 un
374 2336 436 2395 peu
460 2315 626 2394 sceptique
649 2334 689 2375 en
713 2314 845 2375 matiere
868 2312 1053 2394 religieuse’'
1069 2312 1103 2393 ⁴).
1129 2313 1215 2394 Quid
1238 2332 1315 2392 ergo

238 2443 446 2506 confitentem
475 2463 564 2503 rcum
597 2442 679 2502 ultro
705 2439 896 2520 urgeamus?
930 2438 1081 2501 Ceterum
1105 2449 1137 2500 et
1160 2438 1221 2499 hoc
1245 2438 1315 2499 loco

238 2571 269 2630 in
302 2569 490 2629 memoriam
521 2587 670 2629 revocare
699 2566 788 2642 juvat
811 2587 894 2647 quae
917 2565 957 2626 de
981 2564 1124 2627 Semlero
1148 2573 1315 2626 monuerat

238 2695 410 2758 Schaedel:
445 2694 605 2773 „Semlers
640 2693 803 2775 (idemque
836 2692 1006 2754 dicendum
1039 2693 1078 2753 de
1110 2693 1154 2753 Pu
1172 2713 1252 2753 eano
1284 2702 1317 2754 et

241 2823 374 2904 Aubeo)
397 2842 499 2902 ganze
522 2820 629 2883 Krttik
652 2820 709 2883 hat
732 2819 792 2881 alle
815 2819 943 2900 Mttngel
968 2819 1025 2880 des
1049 2819 1314 2893 Rationalismus,

239 2948 503 3028 Beweisluhrung
525 2970 582 3009 aus
606 2945 889 3028 Genreinplataen’'
903 2952 936 3023 ὃ).

286 3077 401 3155 Neque
424 3075 495 3156 plus
518 3074 619 3151 valet,
640 3074 727 3155 quod
747 3075 910 3136 contendit
929 3074 1106 3149 Puteanus,
1130 3076 1244 3136 mirum
1257 3077 1314 3137 sibi

239 3205 338 3266 videri
362 3203 500 3265 edictum
524 3202 599 3263 illud
622 3202 662 3263 de
685 3201 832 3263 hetaeriis
855 3223 874 3262 a
894 3201 992 3263 Plinio
1012 3202 1177 3264 laudatum
1198 3205 1228 3264 in
1249 3203 1316 3265 aliis

240 3333 334 3394 huius
361 3331 429 3392 libri
452 3328 594 3411 epistulis
621 3350 682 3390 non
703 3331 957 3391 commemorari.
977 3330 1208 3411 Unusquisque
1231 3333 1315 3392 enim

242 3460 331 3520 novit
350 3459 476 3539 saepius
497 3458 527 3517 in
548 3456 657 3517 iisdem
678 3455 833 3537 epustulis
853 3455 1064 3517 hetaeriarurn
1085 3457 1207 3519 illarum
1229 3479 1315 3519 men-

240 3588 360 3649 tionem
384 3584 467 3660 fieri,
491 3582 665 3663 Trajanum
686 3592 794 3646 autem
814 3583 1044 3663 Imperatorem
1064 3585 1175 3645 iisdem
1188 3586 1317 3645 minime

240 3712 370 3785 favisse;
405 3710 482 3789 quid
517 3710 632 3770 mirum
666 3709 800 3771 Plinium
835 3708 974 3771 edictum
1009 3709 1084 3770 illud
1119 3712 1315 3787 „secundum

241 3836 393 3897 mundata
416 3833 565 3915 Trajani’'
589 3845 646 3896 aut
664 3835 732 3915 jam
756 3836 897 3911 Romae,
924 3846 980 3897 aut
1003 3838 1033 3897 in
1055 3839 1124 3917 ipso
1136 3839 1317 3917 provinciae

277 4128 299 4181 ¹)
317 4127 346 4174 T.
365 4139 396 4189 32
642 4122 661 4184 ²)
681 4123 779 4171 Arnold
797 4123 823 4170 ll.
842 4139 866 4186 p.
883 4121 924 4183 46.

275 4204 295 4265 3)
313 4207 387 4253 Λι11)ό
405 4204 431 4252 ll.
449 4222 474 4268 p.
493 4217 549 4266 2¹3.

275 4283 297 4344 ⁴)
316 4284 388 4332 nube
407 4284 434 4333 ll.
451 4296 468 4347 p·
494 4296 543 4342 219
561 4283 585 4329 in
605 4290 672 4333 nota.

276 4363 295 4424 ⁵)
314 4364 437 4413 Schaedel
455 4362 481 4414 ll.
500 4379 524 4426 p,
542 4361 565 4413 6.
