3114 5130
718 458 761 536 69

248 649 363 729 Neque
387 650 515 728 gravius
541 657 590 709 est
614 648 749 709 alterum
775 647 863 728 quod
886 645 1052 707 contendit
1079 644 1212 705 Plinium
1231 664 1284 706 co-

204 777 362 857 gnitiones
386 775 453 836 illas
477 776 501 835 si
526 775 709 835 extitissent
732 775 879 853 ignorare
903 793 966 832 non
987 773 1139 852 potuisse.
1161 770 1284 832 Rectis-

203 905 282 964 sime
317 904 400 963 enim
432 911 543 963 contra
574 899 706 962 Semleri
737 899 929 961 subtilitates
954 907 1122 958 monuerat
1145 897 1283 976 Ussing,

202 1034 288 1104 (cum
318 1049 384 1110 quo
416 1027 475 1088 hac
506 1029 537 1088 in
568 1047 665 1088 causa
688 1027 779 1088 multi
803 1026 853 1087 alii
878 1027 935 1086 viri
959 1025 1045 1086 docti
1067 1021 1283 1101 consentiunt)

204 1159 235 1217 in
258 1156 331 1216 viris
350 1155 428 1234 juris
451 1174 525 1215 vere
548 1155 667 1234 peritos
690 1153 823 1215 Plinium
849 1170 1053 1232 nequaquam
1079 1170 1148 1210 esse
1172 1169 1284 1210 nume-

204 1282 350 1343 randum.
371 1280 485 1358 „Fuit,
507 1280 610 1360 inquit
629 1281 767 1360 Ussing,
789 1278 845 1340 luit
858 1278 975 1340 Plinius
988 1278 1123 1357 scriptor
1138 1276 1282 1356 diligens

204 1426 341 1487 magnae
371 1405 475 1467 lamae
507 1415 632 1482 orator,
663 1406 711 1466 vir
735 1405 840 1465 bonus
864 1414 896 1467 et
920 1404 1058 1485 probus,
1083 1404 1283 1483 gratissimus

202 1534 286 1596 idem
321 1535 524 1614 Imperatori,
561 1533 616 1593 sed
648 1532 722 1606 iuris
753 1531 917 1593 consultus
948 1531 1096 1612 egregius
1125 1537 1157 1590 et
1180 1530 1227 1590 vir
1250 1530 1282 1590 in

202 1661 364 1742 republica
409 1659 659 1721 administranda
708 1659 845 1719 multum
888 1668 1033 1719 versatus
1076 1675 1280 1736 nequaquam

202 1786 369 1849 habendus
392 1785 472 1848 est.”
493 1783 521 1869 ¹)
544 1785 606 1859 Et,
628 1785 768 1865 Dupuy,
783 1804 879 1865 quem
893 1784 968 1864 quia
981 1803 1059 1844 mox
1072 1782 1280 1863 impugnab0‚

201 1912 357 1973 hocloco
381 1932 419 1972 eo
443 1911 591 1972 libentius
615 1912 736 1971 socium
762 1909 917 1971 adhibeo:
940 1930 1003 1987 „on
1024 1909 1184 1990 alleguera
1203 1929 1282 1970 avec

203 2039 247 2100 M.
277 2038 375 2099 Aube
398 2037 475 2118 qu'il
499 2039 585 2098 avait
609 2038 724 2098 exerce
746 2046 853 2098 toutes
876 2036 921 2097 les
944 2034 1079 2116 charges
1102 2035 1281 2117 publiques‚

203 2185 225 2243 y
255 2164 394 2244 compris
424 2163 453 2224 la
480 2164 608 2244 preture
632 2173 664 2224 et
688 2163 716 2223 le
740 2163 916 2224 consulat..
934 2212 961 2223 ..
988 2163 1070 2223 llllais
1093 2182 1217 2223 aucune
1242 2163 1282 2224 de

201 2310 253 2351 ces
277 2292 448 2352 assertions
469 2311 508 2350 ne
528 2291 664 2370 pre'vaut
684 2300 794 2351 contre
815 2311 851 2351 ce
870 2310 933 2370 que
945 2289 1032 2350 Pline
1045 2309 1125 2350 nous
1137 2290 1280 2371 apprend

201 2415 364 2476 lui-meme
395 2416 434 2477 de
465 2437 524 2477 son
557 2418 728 2497 ignorance
759 2417 801 2477 du
825 2417 909 2478 droit
933 2426 965 2476 et
987 2417 1027 2477 de
1051 2437 1109 2476 son
1134 2417 1279 2477 aversion

202 2564 283 2624 pour
305 2544 350 2604 les
374 2544 495 2605 aflaires
519 2544 703 2626 publiques‚
730 2545 783 2625 qui
807 2545 848 2605 lui
873 2545 1038 2625 prenaient
1062 2564 1124 2604 une
1147 2553 1219 2624 part
1239 2544 1280 2604 de

201 2693 236 2732 sa
259 2673 309 2732 vie
333 2668 399 2755 (cfr.
424 2670 485 2752 Ep.
511 2673 524 2731 Ι
547 2690 585 2750 9,
611 2672 639 2732 ΙΙ
663 2671 706 2751 8).
727 2670 823 2733 Enfin
844 2692 925 2752 pour
946 2673 1000 2752 qui
1020 2693 1038 2732 a
1058 2671 1089 2732 lu
1106 2671 1136 2732 la
1149 2636 1280 2751 quator-

200 2799 300 2859 zieme
324 2798 417 2860 lettre
439 2798 481 2859 du
501 2798 654 2859 huitieme
672 2799 764 2872 livre,
786 2799 806 2858 il
824 2795 906 2859 n'est
925 2819 983 2878 pas
1003 2798 1149 2859 douteux
1161 2819 1234 2878 que.
1250 2845 1278 2860 ..

199 2925 219 2985 il
244 2927 329 2987 avait
353 2946 426 3005 recu
451 2946 513 2985 uue
536 2926 741 3001 instruction,
764 2946 826 2986 une
844 2925 1013 2987 education
1031 2925 1279 3006 juridiquetres-

200 3052 386 3133 imparlaite.
413 3052 498 3134 Quoi
521 3051 711 3114 d’e'tonnant
730 3053 813 3113 alors
833 3051 881 3112 s'il
902 3053 953 3113 n'a
973 3073 1031 3133 pas
1052 3052 1279 3114 mieuxconnu

199 3178 245 3239 les
286 3177 452 3240 Chre‘tiens
493 3183 697 3238 eux-memes
738 3199 802 3258 que
841 3188 881 3238 ne
924 3178 1067 3240 iaisaient
1101 3179 1214 3240 Tacite
1248 3188 1279 3241 et

199 3305 341 3368 Sue‘tone
355 3304 373 3329 ''
386 3301 422 3386 ²).

246 3431 336 3492 Haec
359 3430 409 3491 ille
431 3430 560 3511 quidem
584 3440 685 3505 recte,
711 3431 766 3491 sed
793 3451 877 3510 quae
898 3431 970 3490 inde
988 3431 1107 3511 colligit
1124 3432 1171 3491 vir
1194 3432 1278 3492 idem

202 3559 404 3620 doctissimus
441 3578 646 3638 nequaquam
671 3556 746 3617 mihi
771 3557 958 3637 probantur.
984 3558 1018 3617 In
1042 3558 1278 3637 cognitionibus

201 3685 285 3745 enim
309 3683 366 3744 illis
391 3704 474 3763 quae
494 3683 534 3743 de
547 3681 733 3744 Christianis
746 3680 875 3742 habitae
888 3690 996 3743 essent
1008 3681 1104 3762 plano
1117 3681 1277 3762 hospitem

200 3831 274 3872 eum
304 3810 398 3870 fuisse
421 3809 604 3883 contendit;
628 3808 690 3869 hoc
716 3828 832 3884 unum,
857 3809 882 3868 si
907 3808 1012 3889 ipsum
1035 3809 1163 3885 audiaS,
1189 3811 1278 3870 novit

236 4022 254 4082 ¹)
274 4023 367 4085 Ussing
384 4024 410 4073 ll.
429 4041 445 4086 p
474 4035 495 4086 5.

238 4102 258 4166 ²)
278 4105 370 4166 Dupuy
396 4104 422 4152 ll.
450 4121 474 4166 p.
504 4104 556 4167 185,
583 4104 681 4165 Quibus
708 4103 848 4150 addiderim
876 4103 923 4164 Ep.
949 4102 978 4149 T.
1006 4100 1028 4160 6,
1057 4102 1082 4147 in
1106 4117 1155 4163 qua
1172 4101 1278 4163 epistula

200 4185 289 4230 iterum
309 4182 622 4245 Plinius„ignorantiam”
640 4200 710 4230 suam
728 4183 826 4231 latetur.
846 4182 945 4244 Scripta
962 4188 998 4227 est
1008 4187 1091 4227 autem
1102 4181 1208 4243 epistula
1216 4180 1278 4227 haec

200 4279 221 4312 c.
240 4280 262 4310 a.
280 4278 373 4309 anirum
391 4262 423 4323 98
441 4279 465 4325 p.
484 4262 543 4311 Clu.
562 4278 586 4313 u,
605 4279 661 4310 cum
680 4263 773 4310 Plinius
788 4261 1197 4325 plerosquehonorespraetumm
1208 4274 1277 4321 prae·

200 4341 320 4390 lecturam
339 4341 427 4389 aerarii
442 4341 493 4401 jam
511 4341 637 4401 gessisset.
