3114 5130
756 440 816 525 7²,

238 618 410 680 tres-claire
438 626 470 677 et
489 614 739 696 tres-explicite''
757 616 796 697 ¹),
825 616 880 676 sed
901 616 971 676 talis
991 616 1218 696 interpretandi
1238 617 1318 676 ratio

169 784 173 794 ι
239 766 339 826 quam
370 747 410 806 sit
441 746 550 805 insana
580 745 651 823 quis
677 764 740 803 non
764 743 870 804 videt?
893 743 968 803 Non
992 744 1075 804 eninr
1099 742 1171 805 licet
1194 753 1320 805 senten-

181 925 183 931 .
238 876 316 935 tiam
342 893 439 932 unam
463 871 504 932 ab
525 871 676 932 orationis
697 879 853 931 contextu
874 870 1025 945 avellere,
1047 869 1192 931 avulsam
1211 880 1319 951 atque,

238 1010 275 1061 ut
297 1001 341 1060 ita
364 999 485 1073 dicam,
505 1007 664 1059 curtatam
685 1006 717 1058 et
738 1017 902 1072 mancam,
925 997 968 1059 ita
981 1017 1159 1077 exponere,
1174 1007 1209 1059 ut
1221 1018 1318 1077 quae-

239 1147 378 1206 cumque
401 1146 443 1186 ex
463 1125 583 1205 reliqua
607 1125 750 1186 oratione
775 1123 954 1204 explicandi
966 1145 1063 1185 causa
1074 1125 1319 1205 suppeditentur

238 1252 369 1331 rejicias,
395 1272 477 1331 quae
500 1271 576 1311 vero
599 1251 729 1310 insanae
752 1250 1004 1330 interpretationi
1024 1259 1099 1312 tuae
1111 1250 1320 1312 adversentur

239 1380 345 1460 spuria
377 1400 446 1439 esse
477 1378 662 1440 contendas,
696 1378 768 1437 Hoc
800 1377 897 1437 modo
926 1378 950 1437 si
974 1379 1045 1458 quis
1069 1377 1147 1439 alios
1171 1389 1318 1439 auctores

238 1506 386 1568 classicos
418 1526 563 1567 enarrare
593 1505 769 1586 paraverit,
803 1503 843 1564 illi
875 1524 953 1564 mox
982 1505 1069 1585 quod
1093 1504 1232 1586 explicet
1249 1505 1317 1584 jam

240 1654 302 1694 non
326 1634 400 1694 erit:
425 1633 531 1693 omnia
556 1634 639 1694 enim
664 1635 770 1714 spuria
793 1634 935 1696 habebit.

284 1757 348 1820 Sed
379 1759 458 1821 haec
489 1759 529 1820 de
555 1760 633 1821 mira
657 1759 707 1821 illa
731 1761 864 1822 Puteani
887 1761 940 1844 (eo
964 1760 1092 1820 nomine
1115 1760 1218 1819 virum
1242 1758 1317 1819 doc-

240 1886 398 1946 tissimum
417 1886 554 1966 apellare
573 1883 679 1970 liceat)
700 1887 848 1966 opinione
867 1887 952 1949 dicta
971 1887 1144 1961 sufficiant,
1164 1887 1316 1966 quicum,

239 2020 397 2091 quantum
428 2011 507 2086 vidi,
541 2012 629 2088 „sine
653 2011 740 2072 rivali
764 2033 821 2072 sua
845 2011 931 2073 solus
954 2011 1079 2087 amet'’‚
1105 2033 1169 2072 non
1193 2011 1317 2072 videtur

240 2137 432 2198 sententiam
465 2157 556 2197 suam
582 2137 688 2199 multis
712 2139 785 2198 viris
808 2139 910 2199 doctis
934 2139 1141 2220 approbasse.
1166 2140 1316 2202 Ceterum

240 2262 280 2323 de
310 2263 377 2343 aliis
407 2284 537 2343 quoque
560 2262 653 2324 huius
677 2264 832 2345 epistulae
854 2265 930 2326 locis
954 2266 1081 2346 saepius
1104 2286 1178 2327 cum
1202 2266 1315 2326 eodem

241 2410 289 2450 res
314 2389 405 2450 nobis
429 2391 496 2452 erit.

284 2517 388 2577 Prima
418 2518 514 2598 igitur
543 2517 703 2579 Plinianae
733 2519 887 2598 epistulae
918 2518 1137 2600 paragraphus
1165 2520 1275 2599 injuria
1292 2542 1317 2588 Aa

240 2644 313 2704 viris
343 2644 445 2705 doctis
477 2644 634 2705 nonnullis
665 2644 921 2725 reprehenditur,
941 2655 1003 2735 aut
1027 2647 1124 2706 etiam
1148 2666 1315 2726 perperam

241 2769 435 2849 explicatur;
460 2769 500 2830 ad
525 2770 644 2850 reliqua
667 2771 895 2850 procedamus:

286 2895 376 2973 „Nec
419 2897 619 2959 mediocriter
658 2897 830 2975 haesitavi,
871 2900 952 2961 sitne
987 2899 1116 2980 aliquod
1149 2900 1317 2961 discrimen

241 3031 402 3098 aetatum,
427 3043 467 3083 an
487 3023 664 3104 quamlibet
687 3026 786 3087 teneri
799 3025 873 3087 nihil
886 3048 905 3087 a
918 3026 1150 3087 robustioribus
1162 3027 1317 3103 differant,

241 3147 334 3208 detur
362 3149 577 3228 paenitentiae
606 3153 714 3226 venia,
747 3173 787 3212 an
819 3153 846 3213 ei
877 3154 931 3232 qui
962 3155 1093 3214 omnino
1121 3153 1318 3216 Christianus

241 3274 314 3349 fuit,
347 3274 466 3335 desisse
498 3297 560 3336 non
584 3279 700 3358 prosit;
727 3300 843 3340 nomen
868 3281 1021 3360 ipsumsi
1045 3281 1171 3361 flagitiis
1195 3292 1317 3357 careat,

242 3420 282 3459 an
307 3399 427 3481 flagitia
450 3401 653 3465 cohaerentia
677 3406 796 3465 nomini
820 3406 1024 3486 punianturf'

287 3527 435 3589 Graviter
465 3528 551 3590 hisce
578 3530 682 3592 bonus
707 3531 876 3594 offenditur
898 3533 1076 3597 Puteanus:
1102 3535 1152 3611 „le
1178 3536 1233 3599 fait
1255 3559 1318 3618 que

242 3653 328 3713 Pline
350 3654 508 3716 demando
532 3654 578 3716 s’il
602 3657 668 3719 faut
691 3658 806 3719 e'tablir
826 3679 887 3719 une
906 3660 1073 3721 diffc'rence
1093 3672 1181 3723 entre
1200 3662 1245 3724 les
1265 3684 1318 3724 en-

242 3780 325 3840 fants
349 3791 381 3842 et
407 3781 451 3841 les
474 3781 622 3843 hommes
645 3784 716 3845 faits
739 3785 861 3846 semble
885 3788 904 3846 b
929 3786 993 3847 bon
1017 3789 1100 3850 droit
1124 3789 1250 3850 bizarre.
1267 3840 1272 3850 .
1289 3840 1318 3851 ..

243 3905 262 3965 il
287 3926 309 3984 y
334 3927 352 3965 a
377 3907 413 3966 ici
438 3909 524 3967 traice
548 3908 588 3968 de
611 3908 720 3969 saux.''
745 3910 870 3991 Quare,
896 3913 1034 3974 amabo?
1057 3915 1125 3992 „Ce
1149 3917 1202 3996 qui
1216 3917 1320 3978 revelo

243 4030 274 4091 la
305 4033 389 4092 main
421 4031 497 4093 d'un
528 4033 676 4096 Chre'ticn
708 4034 786 4098 c'est
816 4036 907 4100 l'idee
935 4040 977 4100 du
1002 4051 1144 4121 martyre
1147 4089 1240 4104 .....
1265 4037 1318 4124 qui

243 4201 435 4209 ——..

282 4311 298 4368 ¹)
316 4309 410 4371 Dupuy
427 4309 453 4360 ll.
470 4326 487 4373 p
516 4309 569 4371 187.
