3114 5130
726 505 766 569 37

194 676 292 737 fusius
312 675 408 756 paulo
422 695 597 756 exponam.
612 675 743 738 Etenim
757 696 820 736 non
834 697 911 738 sane
923 688 997 739 sunt
1010 677 1091 738 levia
1103 699 1187 758 quae
1199 698 1272 739 sen-

193 803 313 864 tentiae
333 803 431 882 ipsius
455 802 675 864 adversantur.
701 802 846 864 Occurrit
871 803 974 883 primo
997 803 1068 865 loco
1093 805 1266 866 auctoritas

193 928 280 990 haud
310 929 400 1009 parvi
430 950 509 998 sane
543 929 684 990 iacienda
719 929 872 1008 Jucundi,
908 929 1047 1004 Budaei‚
1086 929 1179 1004 nidi,
1216 931 1271 1010 qui

191 1055 305 1116 librum
330 1057 497 1117 inventum
520 1056 612 1135 primi
636 1054 850 1117 adhibuerunt
870 1066 902 1117 et
926 1055 1101 1117 ediderunt.
1124 1055 1270 1118 Occurrit

191 1182 376 1244 Tertulliani
412 1181 650 1263 locupletissimi
685 1183 823 1243 auctoris
859 1182 1079 1243 testimonium
1116 1193 1148 1244 et
1180 1181 1269 1244 fides.

191 1307 336 1369 Occurrit
369 1309 480 1370 intima
510 1309 625 1370 aetatis
658 1308 737 1368 illius
769 1309 899 1369 scientia
923 1329 1006 1388 quae
1030 1319 1061 1370 61
1085 1309 1116 1368 in
1139 1309 1267 1388 Trajani

191 1434 350 1513 responsis
374 1434 460 1495 hisce
484 1434 596 1496 elucet.
622 1434 767 1496 Occurrit
791 1435 928 1514 denique
950 1435 1046 1515 longe
1058 1435 1268 1515 plurimorum

190 1559 360 1622 doctorum
393 1562 533 1621 virorum
564 1562 618 1641 qui
650 1562 690 1622 de
715 1560 857 1640 epistulis
881 1560 939 1621 illis
961 1562 1166 1641 disputarunt
1185 1561 1269 1641 judi-

189 1687 292 1761 cium,
329 1687 383 1767 qui
420 1707 484 1747 non
521 1685 609 1747 Plinii
640 1696 767 1748 tantum
800 1685 920 1747 litteras
951 1707 1062 1747 verum
1087 1697 1120 1748 et
1142 1686 1270 1766 Trajani

189 1834 343 1894 responsa
367 1834 431 1874 non
456 1834 610 1894 germana
633 1824 760 1875 tantum
782 1835 851 1874 esse
871 1813 1087 1891 affirmarunt,
1102 1816 1270 1877 sedetiam

190 1941 322 2001 summis
346 1939 494 2001 laudibus
518 1940 713 2002 extulerunt.
738 1940 830 2022 Quae
854 1942 961 2002 omnia
984 1941 1137 2003 hocloco
1157 1941 1268 2002 afferre

191 2067 268 2147 quid
291 2067 427 2129 attinet?
451 2068 555 2128 Pauca
578 2077 706 2129 tantum
730 2089 772 2128 ex
796 2087 914 2148 inagna
939 2070 1033 2148 copia
1057 2068 1184 2148 eligam.

233 2192 357 2253 Notum
381 2205 429 2254 est
452 2192 592 2272 Vignolii
610 2192 745 2253 Marvilii
768 2193 808 2254 de
822 2193 951 2272 Trajani
963 2194 1106 2274 epistulis
1118 2194 1268 2257 effatum:

234 2318 303 2395 „Le
329 2319 468 2379 dixieme
491 2318 567 2378 livre
591 2319 647 2379 des
667 2320 783 2399 epitres
802 2319 845 2380 du
860 2319 957 2399 jeune
978 2319 1063 2382 Pline
1083 2332 1132 2383 est
1144 2321 1173 2383 le
1184 2321 1269 2383 chei-

189 2443 340 2506 d’oeuvre
368 2445 408 2506 de
439 2465 475 2506 66
506 2445 607 2525 grand
632 2443 771 2506 homme.
797 2445 855 2508 Ses
878 2456 985 2508 autres
1013 2448 1121 2510 lettres
1145 2459 1203 2511 ont
1227 2451 1267 2510 (16

188 2573 325 2652 grandes
350 2573 603 2648 beauteS,'n1ais
624 2572 769 2649 celles-ci,
792 2574 847 2653 qui
866 2575 1035 2654 regardent
1054 2575 1083 2636 le
1107 2576 1268 2637 ministere

188 2708 263 2760 sont
286 2699 556 2780 incoinparableS‚
571 2699 848 2780 principalenrent,
863 2701 971 2780 quand
984 2700 1058 2762 elles
1071 2722 1104 2762 se
1118 2711 1268 2764 trouvent

187 2827 441 2907 accompagne'es
466 2826 522 2887 des
545 2827 697 2907 reponses
717 2827 757 2887 (16
777 2826 913 2907 Trajan,
934 2829 989 2909 qui
1008 2829 1076 2889 leur
1094 2839 1268 2909 apportent

187 2974 228 3013 un
253 2953 355 3033 grand
378 2952 476 3014 lustre
510 2954 630 3033 Jamais
653 2954 718 3013 rien
743 2973 783 3014 ne
807 2952 870 3014 m’a
895 2953 954 3016 fait·
974 2956 1083 3016 mieux
1102 2960 1267 3018 connaitre
1291 2947 1294 2952 Δ

186 3099 222 3138 66
252 3099 316 3158 que
339 3078 383 3138 les
406 3078 560 3139 Rameins
584 3078 766 3159 appelaient
789 3080 997 3159 Imperatoria
1021 3081 1178 3158 brevitas,
1202 3104 1267 3163 que

186 3225 239 3266 ces
269 3205 421 3284 reponses
450 3206 476 3265 si
500 3205 613 3266 breves
637 3206 718 3266 etsi
742 3225 844 3285 sages.
869 3204 902 3268 Si
927 3206 972 3267 les
995 3228 1072 3287 purs
1094 3210 1208 3289 esprits
1231 3231 1265 3270 se

185 3330 334 3392 melaient
364 3329 511 3406 d’e'crire‚
544 3330 581 3392 ils
608 3329 804 3393 n’ecriraient
827 3353 885 3412 pas
908 3343 1098 3396 autrement.
1124 3335 1211 3398 C’est
1236 3336 1266 3396 la

184 3457 213 3518 le
235 3457 307 3537 plus
330 3457 410 3519 haut
432 3459 523 3538 point
546 3458 586 3518 (16
609 3457 639 3518 la
663 3457 867 3538 perlection''.
884 3459 917 3540 ¹).

230 3585 264 3645 A
287 3604 353 3664 quo
376 3605 440 3644 non
464 3583 601 3645 multum
626 3584 786 3664 discrepat
805 3585 868 3646 v.d
893 3585 935 3646 H.
950 3586 1112 3664 Francke,
1126 3589 1264 3669 quieru-

184 3712 284 3772 ditam
308 3711 348 3772 de
371 3710 500 3790 Trajani
520 3712 586 3773 vita
605 3712 912 3773 commentationem
933 3714 1134 3794 conscripsit:
1148 3716 1264 3793 „Seine

183 3838 350 3917 Rescripte
372 3858 412 3898 an
437 3837 553 3898 Plinius
577 3838 647 3899 sind
670 3838 811 3914 Muster,
833 3838 919 3901 nicht
940 3839 1027 3900 bloss
1045 3841 1102 3902 der
1122 3842 1262 3905 edelsten

184 3962 390 4042 Gesinnung,
423 3963 479 4023 der
502 3963 627 4026 tiefsten
651 3963 1022 4044 Rechtsgelehrsamkeit
1047 3968 1111 4028 und
1139 3969 1262 4032 Staats-

176 4256 179 4262 ⁵
218 4274 234 4334 ¹)
253 4275 354 4337 Viguol.
374 4277 472 4326 Δ1161111.
493 4277 597 4327 11156611.
619 4278 683 4327 llist¹
703 4279 763 4328 Liu.
781 4279 853 4327 Toni.
872 4278 910 4324 Ill
927 4295 950 4341 p.
971 4290 1015 4341 197
1032 4280 1074 4329 cir.
1094 4281 1192 4343 Longol
1212 4283 1258 4333 Ed.

183 4356 245 4403 Plin.
262 4355 335 4418 prael
357 4357 405 4415 (Ex
424 4356 522 4406 Fabric.
543 4356 607 4404 llibl.
626 4357 683 4408 Lat.
703 4357 723 4404 L
742 4357 767 4404 Il
785 4373 806 4406 6.
825 4356 878 4407 22).
