3114 5130
773 479 788 543 5

241 661 341 730 guten
379 649 495 712 Punier
528 650 596 712 hier
626 653 683 713 das
718 653 837 713 reinere
868 652 983 713 Latein
1016 651 1228 731 gekommen,
1255 651 1320 711 und

242 798 363 838 warum
377 777 491 839 landen
505 779 560 838 wir
573 779 603 839 in
615 779 672 840 der
685 779 712 840 F
714 777 871 858 alschung
883 777 970 839 nicht
983 775 1065 839 auch
1078 778 1153 838 das:
1167 775 1321 855 „quibus-

178 919 182 925 ’
241 903 317 964 dam
341 903 442 983 gradu
467 902 587 984 pulsis''
613 905 669 965 des
693 904 930 986 Apologetieus
955 901 1113 964 wieder?''
1133 904 1161 983 ¹)

286 1029 401 1109 Neque
436 1029 568 1092 Semleri
602 1031 760 1092 sententia
794 1031 880 1111 apud
916 1030 1000 1090 viros
1035 1029 1149 1092 doctos
1180 1029 1316 1091 multum

240 1157 351 1218 valuit.
375 1158 504 1238 Itaque,
529 1157 583 1237 qui
607 1155 669 1218 hoc
689 1158 760 1237 ipso
779 1156 906 1217 saeculo
928 1157 958 1217 in
979 1155 1067 1216 Plinii
1081 1155 1205 1236 scriptis
1218 1154 1319 1235 expli-

240 1282 350 1343 candis
381 1302 512 1362 operam
544 1292 739 1363 posuerunt,
765 1282 892 1362 Gierig,
917 1280 1032 1356 Orelli,
1058 1281 1200 1362 Doring,
1228 1281 1318 1357 Keil,

242 1428 345 1487 neque
370 1428 434 1468 non
458 1408 639 1488 nuperrime
662 1408 793 1488 Hardy‚
808 1405 834 1492 Η2)
856 1408 897 1470 ad
920 1428 1020 1469 unum
1040 1428 1153 1470 omnes
1165 1408 1319 1489 epistulas

240 1534 308 1595 illas
328 1554 419 1596 veras
432 1555 668 1615 germanasque
680 1556 750 1596 esse
762 1535 1007 1597 contenderunt.
1020 1534 1147 1617 Quibus
1159 1535 1318 1597 accedunt

241 1661 332 1723 multi
356 1661 406 1722 alii
429 1661 487 1722 viri
511 1661 613 1738 docti,
634 1663 689 1743 qui
709 1663 749 1723 de
770 1661 850 1722 illius
869 1662 984 1723 aetatis
997 1661 1092 1722 rebus
1105 1672 1161 1723 aut
1174 1662 1317 1722 moribus

239 1787 459 1868 disputarunt,
492 1788 574 1850 inter
605 1809 686 1868 quos
713 1823 752 1832 -
778 1797 813 1851 ut
844 1788 1014 1850 nonnullos
1038 1797 1165 1851 tantum
1189 1787 1318 1850 honoris

239 1935 337 1976 eausa
373 1916 536 1976 nominem
560 1951 604 1960 -
627 1915 830 1996 Mommsen,
865 1915 999 1995 Duruy‚
1030 1915 1203 1995 Dierauer‚
1233 1915 1320 1976 Mar-

239 2041 372 2121 quardt‚
398 2042 424 2102 F
427 2041 525 2103 ranke
545 2077 588 2087 —
609 2062 714 2122 neque
737 2043 842 2103 minus
866 2043 975 2120 Peter,
1002 2042 1155 2120 Asbach,
1176 2040 1319 2119 Stobbe‚

239 2166 289 2227 alii
320 2203 363 2211 —
395 2167 451 2227 vix
474 2166 574 2228 verbo
598 2169 837 2230 controversiae
862 2168 942 2230 illius
966 2170 1165 2231 mentionem
1190 2169 1318 2231 faciunt.

285 2291 393 2372 Quare
416 2312 691 2372 supervacaneum
716 2293 778 2355 sere
800 2295 897 2356 videri
909 2296 1011 2376 possit
1023 2316 1090 2356 rem
1104 2305 1210 2357 actam
1223 2317 1319 2378 agere

239 2417 320 2478 velle
355 2418 410 2478 nisi
438 2428 471 2480 et
495 2439 597 2499 nuper
620 2420 802 2482 extitissent
825 2421 898 2496 viri,
923 2421 1069 2483 doctrina
1093 2421 1180 2483 haud
1204 2443 1318 2504 parum

180 2552 184 2561 '
239 2543 391 2620 illustre5‚
428 2543 636 2627 Semleroque
668 2547 763 2608 iidem
795 2548 890 2628 longe
911 2547 1149 2628 pruderitiore5‚
1173 2550 1228 2629 qui
1251 2550 1320 2610 aliis

239 2671 280 2731 illi
310 2672 440 2751 quidem
471 2674 669 2755 argumentis
701 2672 835 2736 Semleri
859 2683 967 2736 tamen
992 2675 1185 2736 sententiam
1211 2675 1320 2737 defen-

239 2795 378 2858 dendam
402 2798 461 2859 sibi
487 2800 649 2862 ducerent.

284 2925 431 3007 Quorum
454 2926 505 2986 alii
529 2926 711 2986 universum
735 2925 850 2988 librum
871 2926 1076 3005 „decimum”
1091 2929 1116 3010 3)
1130 2929 1230 2992 -ita
1243 2940 1320 2991 ante

239 3051 332 3112 Keilii
356 3051 528 3114 editionem
549 3051 711 3114 vocabant
734 3050 847 3113 —alii
870 3053 954 3114 solas
979 3052 1046 3115 illas
1069 3054 1109 3115 de
1133 3054 1319 3118 Christianis

239 3178 390 3258 epistulas
430 3178 482 3258 (T.
514 3177 574 3258 96,
608 3179 664 3259 97)
707 3179 948 3260 impugnarunt.
992 3180 1107 3261 Atque
1142 3180 1174 3242 hi
1210 3202 1317 3242 rursus

238 3305 269 3365 in
297 3305 377 3366 duas
408 3315 516 3386 partes
538 3305 635 3367 dividi
659 3315 812 3386 possunt:
837 3305 887 3367 alii
911 3308 994 3367 enim
1019 3318 1190 3389 utramque
1212 3308 1319 3385 illam,

238 3433 288 3493 alii
335 3432 522 3494 alterutram
571 3432 743 3514 epistulam
793 3433 994 3514 suppositam
1026 3454 1106 3512 ¹esse
1148 3434 1318 3498 affirmant.
1403 3492 1405 3495 .

236 3559 384 3620 Tandem
422 3580 464 3620 ex
500 3559 557 3619 illis
592 3559 647 3639 qui
680 3558 888 3638 epistularum
912 3554 1082 3621 αὐθεντίαν
1105 3570 1241 3641 negant,
1266 3563 1317 3623 alii

245 3742 435 3750 ———

275 3861 296 3925 ¹)
315 3862 461 3922 Programm
481 3861 524 3907 des
543 3861 663 3922 Gymnas.
683 3875 711 3906 zu
731 3860 885 3910 Dariustadt.
907 3859 968 3921 1887
989 3878 1013 3924 p.
1031 3861 1046 3908 6

272 3942 292 4005 ⁸³)
312 3945 341 3994 C.
366 3943 440 3990 Plinii
459 3942 562 3991 Caecilii
575 3942 685 3989 Secundi
704 3941 833 4005 Epistulae
852 3942 884 3989 ad
903 3942 1040 4004 'l'rajauum
1060 3943 1241 4006 Imperatorem
1259 3960 1315 3991 eum

238 4023 349 4070 eiusdem
377 4022 515 4086 responsis3
543 4021 581 4068 Ed
618 4022 714 4084 llardy.
734 4021 844 4069 Loudiui
863 4023 921 4070 Mac
940 4022 1031 4070 Millau
1049 4024 1071 4070 Se
1088 4021 1129 4072 C⁰.
1151 4021 1220 4084 1889.
1240 4023 1319 4071 Intro·

241 4102 351 4150 ductiou.

271 4183 291 4239 ³)
307 4181 375 4228 Olim
394 4180 515 4243 epistulae
535 4188 643 4236 mutuae.
663 4181 736 4228 Plinii
755 4188 779 4228 et
798 4181 900 4242 'trajani
918 4181 1026 4241 „decimi
1045 4179 1118 4228 libr-'1⁰
1142 4183 1244 4229 nomine
1259 4182 1319 4229 lere·

241 4263 345 4309 bantur:
375 4260 432 4307 Keil
459 4276 518 4306 vero
544 4259 650 4319 librum,
677 4260 770 4324 quippe
789 4260 831 4324 qui
845 4276 956 4308 seorsum
972 4261 1052 4308 editus
1068 4260 1200 4320 videretur,
1218 4262 1319 4325 proprio

242 4339 317 4387 titulo
334 4346 401 4386 recte
419 4338 549 4388 recensuit.
