3114 5130
761 425 802 551 3.

240 660 313 720 viris
344 659 447 721 doctis
479 680 518 720 ne
547 660 729 740 provinciae
760 660 890 740 quidem
923 661 1081 740 regendae
1105 671 1200 740 aptus
1224 658 1318 720 fuisse

240 786 394 848 videatur.
415 784 439 865 ¹)

285 915 401 994 Aeque
425 914 579 992 denique,
605 914 693 994 quod
718 915 904 994 praesertim
929 914 989 974 hoc
1016 914 1086 974 loco
1111 915 1235 974 videtur
1259 913 1317 973 ob-

240 1042 448 1113 servandum,
485 1061 588 1121 aeque
617 1041 695 1119 juris
731 1041 848 1121 publici
884 1042 1030 1120 ignarum
1068 1041 1128 1101 hae
1161 1040 1317 1120 epistulae

240 1167 373 1227 Plinium
406 1167 578 1240 exhibent,
603 1177 702 1247 atque
725 1187 767 1226 ex
791 1166 858 1228 aliis
883 1167 968 1227 libris
993 1167 1088 1227 fuisse
1112 1167 1314 1245 intellegitur,

240 1315 305 1373 quo
337 1293 455 1355 iactum
487 1303 552 1367 est,
579 1303 613 1354 ut
637 1294 667 1354 in
692 1293 787 1353 rebus
812 1293 935 1368 multis,
960 1314 1041 1373 quas
1066 1293 1115 1353 vel
1140 1292 1235 1353 hodie
1258 1293 1315 1352 viri

240 1422 325 1482 docti
361 1421 489 1500 egregie
523 1431 656 1495 norunt,
692 1421 739 1480 vir
771 1420 962 1495 consularis,
995 1420 1144 1500 idemque
1177 1440 1315 1498 maguae

240 1549 421 1628 provinciae
445 1548 587 1627 legatus,
612 1567 730 1627 anceps
755 1546 909 1608 haereret.
924 1544 950 1630 ²)
1090 1533 1092 1539 ⁸

285 1674 377 1755 Quae
412 1675 537 1751 omina,
570 1683 604 1734 ut
631 1673 698 1752 jam
730 1675 812 1749 dixi,
845 1695 918 1734 cum
943 1674 1000 1734 illis
1023 1695 1107 1754 quae
1131 1695 1173 1736 ex
1199 1694 1315 1735 novem

239 1801 280 1860 ad
305 1799 470 1861 familiares
494 1800 580 1861 libris
600 1801 640 1860 de
665 1801 751 1861 Plinii
775 1801 879 1861 indole
904 1801 1112 1881 moribusque
1136 1801 1315 1881 colligimus

240 1929 283 1988 ita
314 1928 526 2002 conveniunt,
560 1936 595 1989 ut
619 1928 757 1988 eundem
781 1937 946 1989 auctorem
970 1948 1047 2008 prae
1067 1949 1101 1988 se
1127 1927 1205 1989 serre
1229 1928 1314 1990 vide-

240 2065 344 2115 antur.

285 2182 373 2242 ldem
397 2201 528 2260 quoque
553 2201 595 2242 ex
615 2181 672 2241 illis
692 2180 841 2255 efficitur,
865 2201 949 2261 quae
962 2182 1002 2242 de
1017 2183 1163 2242 universo
1176 2181 1313 2242 Romani

240 2309 365 2388 Imperii
397 2317 482 2368 statu
515 2306 577 2367 hoc
605 2307 685 2367 libro
709 2308 883 2368 memoriae
907 2308 1101 2388 produntur;
1127 2309 1313 2388 praesertim

239 2456 276 2494 ea
300 2453 383 2514 quae
406 2434 596 2508 ostendunt,
622 2455 686 2514 qua
711 2434 833 2494 ratione
856 2436 1034 2514 Imperator
1057 2433 1214 2513 Trajanus
1232 2454 1314 2495 rem-

240 2560 402 2640 publicam
427 2561 703 2621 administraverit.

282 2688 451 2750 Summam
484 2708 594 2749 curam
619 2689 659 2749 de
684 2689 835 2749 militibus
860 2709 933 2750 eum
958 2688 1108 2750 habuisse
1132 2700 1245 2751 auctor
1267 2701 1316 2750 est

239 2816 302 2876 Dio
336 2811 520 2898 Cassius‚³)
555 2814 672 2896 aliique
702 2816 871 2895 scriptores
904 2817 985 2896 (ipse
1016 2817 1113 2878 etiam
1145 2816 1262 2877 Plinius
1284 2818 1313 2876 in

240 2941 453 3021 Panegyrico)
478 2940 688 3002 confirmant:
718 2977 743 2983 —
779 2943 866 3022 quod
891 2943 995 3023 ipsum
1021 2944 1051 3002 in
1076 2943 1161 3003 hisce
1184 2964 1315 3024 quoque

239 3068 381 3148 epistulis
405 3069 559 3148 cernitur,
584 3088 721 3148 quarum
746 3067 831 3129 haud
855 3089 977 3149 paucae
1000 3070 1041 3130 ad
1066 3090 1132 3130 rem
1146 3071 1313 3131 militarem

239 3203 395 3275 spectant.
453 3213 456 3219 ·

283 3319 484 3382 rlbhoruisse
507 3319 791 3399 prudentissimum
816 3320 1047 3400 Imperatorem
1072 3320 1114 3381 ab
1133 3323 1244 3382 insano
1263 3322 1314 3383 illo

275 3569 292 3630 ¹)
311 3569 354 3616 eir.
383 3570 405 3615 'l‘
438 3582 477 3631 39,
502 3585 542 3630 49,
562 3571 601 3621 68,
619 3572 659 3627 81,
678 3572 717 3631 98,
736 3573 793 3621 coll.
812 3589 880 3619 eum:
901 3573 945 3634 lip¹
966 3574 975 3618 l
995 3585 1034 3634 23,
1054 3573 1074 3618 V
1096 3584 1133 3630 12,
1152 3572 1185 3618 lx
1205 3586 1236 3633 34
1254 3580 1316 3629 ete.;

237 3649 280 3696 cir.
304 3649 426 3696 senaeuel
452 3667 475 3712 p.
493 3664 516 3710 4.
542 3654 626 3710 Quare
644 3651 824 3715 Imperatorem
844 3652 919 3698 talem
939 3652 1094 3712 potissimum
1115 3652 1193 3697 rirum
1213 3652 1315 3712 elegisse

237 3727 385 3774 crediderim
404 3728 445 3789 qui
463 3728 548 3775 ournia
567 3757 598 3762 —·
617 3730 655 3776 rel
675 3730 778 3777 minima
795 3758 826 3765 —
846 3730 876 3776 ad
896 3731 971 3792 ipsius
990 3739 1077 3777 nutum
1096 3738 1232 3792 perageret.

273 3805 290 3865 ²)
318 3806 361 3852 cfr.
386 3806 408 3852 'l'
439 3805 462 3852 6.
486 3806 543 3856 coll,
566 3823 622 3854 eum
650 3809 694 3871 lip.
719 3809 778 3855 Vlll
808 3821 845 3868 14.
877 3836 908 3842 ---
938 3813 1022 3869 Quare
1045 3809 1169 3855 immerito
1193 3825 1224 3855 en
1249 3808 1315 3856 lrisce

239 3885 363 3932 sumunt
391 3885 417 3932 ll.
445 3885 577 3932 dubitandi
603 3888 723 3949 quasdam
752 3889 860 3935 rationes
884 3888 997 3952 protulit.
1020 3887 1110 3950 Lirpret
1128 3887 1194 3933 enim
1213 3903 1242 3933 ex
1262 3889 1316 3934 aliis

239 3963 402 4026 epistularum
421 3963 491 4010 libris
508 3979 564 4010 eum
584 3981 633 4011 non
654 3967 796 4029 peritiorem
816 3968 889 4014 luisse
905 3968 965 4028 juris
983 3983 1057 4029 «pison
1077 3967 1123 4012 lure
1139 3967 1194 4012 loeo
1212 3977 1315 4029 apparet

237 4043 279 4092 est,
299 4043 397 4089 :ltnoid
416 4061 457 4106 pp.
477 4057 508 4104 39
526 4061 561 4106 sq,

273 4120 293 4186 ³)
316 4123 362 4168 llio
381 4123 449 4172 Cass,
469 4122 508 4183 68,
528 4136 550 4183 3,
569 4123 611 4172 elr.
631 4126 692 4175 Pliu.
714 4128 771 4176 l'un.
791 4127 806 4173 (r
824 4138 846 4175 et
868 4129 958 4191 passim
978 4128 1034 4175 eoll.
1053 4142 1107 4172 enm
1128 4127 1156 4174 'l',
1179 4138 1315 4187 19‚20‚21‚

238 4215 279 4258 22,
300 4215 340 4262 27,
359 4202 398 4260 28,
417 4214 457 4260 29,
476 4214 515 4262 30,
534 4201 565 4248 88
584 4211 631 4252 eie.
651 4204 707 4250 ride
727 4207 764 4251 lte
782 4207 805 4252 lu
826 4208 902 4266 lter-ge
921 4207 937 4252 ll
965 4223 977 4252 c
1008 4217 1044 4258 12,
1064 4205 1155 4250 :li-orer·
1174 4221 1215 4267 pp.
1236 4216 1313 4266 145*-

240 4293 292 4341 149.
310 4309 341 4316 -
357 4282 379 4342 J,
405 4281 525 4326 llierauer
557 4281 690 4342 „lleitrage
715 4301 742 4331 zu
767 4285 835 4332 einer
856 4285 998 4332 Kritiselren
1017 4283 1167 4331 Geerclriehte
1186 4281 1315 4344 'l'1·ajans'',

237 4361 349 4423 Leipzig.
370 4359 497 4407 Tenlmer.
520 4357 582 4406 1868
602 4377 643 4423 pp.
666 4361 712 4408 116
729 4381 765 4426 sq.
1089 4368 1091 4373 '
