<?xml version="1.0" encoding="UTF-8"?>
<!DOCTYPE html PUBLIC "-//W3C//DTD XHTML 1.0 Transitional//EN"
    "http://www.w3.org/TR/xhtml1/DTD/xhtml1-transitional.dtd">
<html xmlns="http://www.w3.org/1999/xhtml" xml:lang="en" lang="en">
 <head>
  <title>
</title>
<meta http-equiv="Content-Type" content="text/html;charset=utf-8" />
  <meta name='ocr-system' content='tesseract 3.04.00' />
  <meta name='ocr-capabilities' content='ocr_page ocr_carea ocr_par ocr_line ocrx_word'/>
</head>
<body>
  <div class='ocr_page' id='page_1' title='image "./decpliniicaecil00plingoog_0049.png"; bbox 0 0 3114 5130; ppageno 0'>
   <div class='ocr_carea' id='block_1_1' title="bbox 761 428 801 507">
    <p class='ocr_par' dir='ltr' id='par_1_1' title="bbox 761 428 801 507">
     <span class='ocr_line' id='line_1_1' title="bbox 761 428 801 507; baseline 0 -19"><span class='ocrx_word' id='word_1_1' title='bbox 761 428 801 507; x_wconf 85' lang='lat'><strong>36</strong></span> 
     </span>
    </p>
   </div>
   <div class='ocr_carea' id='block_1_2' title="bbox 239 613 1316 1073">
    <p class='ocr_par' dir='ltr' id='par_1_2' title="bbox 239 613 1316 1073">
     <span class='ocr_line' id='line_1_2' title="bbox 240 613 1316 699; baseline 0.005 -26"><span class='ocrx_word' id='word_1_2' title='bbox 240 625 272 674; x_wconf 89' lang='lat' dir='ltr'><strong>et</strong></span> <span class='ocrx_word' id='word_1_3' title='bbox 297 613 502 693; x_wconf 83' lang='lat' dir='ltr'><strong>exemplum,</strong></span> <span class='ocrx_word' id='word_1_4' title='bbox 527 615 706 693; x_wconf 85' lang='lat' dir='ltr'><strong>gravissimi</strong></span> <span class='ocrx_word' id='word_1_5' title='bbox 729 615 867 696; x_wconf 90' lang='lat' dir='ltr'><strong>denique</strong></span> <span class='ocrx_word' id='word_1_6' title='bbox 890 618 1028 678; x_wconf 87' lang='lat' dir='ltr'><strong>auctoris</strong></span> <span class='ocrx_word' id='word_1_7' title='bbox 1052 638 1155 697; x_wconf 85' lang='lat' dir='ltr'><strong>paene</strong></span> <span class='ocrx_word' id='word_1_8' title='bbox 1174 618 1316 699; x_wconf 89' lang='lat' dir='ltr'><strong>aequalis</strong></span> 
     </span>
     <span class='ocr_line' id='line_1_3' title="bbox 239 739 1314 820; baseline 0.002 -20"><span class='ocrx_word' id='word_1_9' title='bbox 239 740 338 800; x_wconf 85' lang='lat' dir='ltr'>Plinio</span> <span class='ocrx_word' id='word_1_10' title='bbox 358 741 579 801; x_wconf 88' lang='lat' dir='ltr'><strong>testimonium</strong></span> <span class='ocrx_word' id='word_1_11' title='bbox 599 742 715 802; x_wconf 85' lang='lat' dir='ltr'><strong>invicte</strong></span> <span class='ocrx_word' id='word_1_12' title='bbox 728 742 968 803; x_wconf 79' lang='lat' dir='ltr'><strong>demonstrent:</strong></span> <span class='ocrx_word' id='word_1_13' title='bbox 982 742 1119 820; x_wconf 81' lang='lat' dir='ltr'><strong>„librum</strong></span> <span class='ocrx_word' id='word_1_14' title='bbox 1133 739 1314 803; x_wconf 81' lang='lat' dir='ltr'><strong>decimum&#39;’</strong></span> 
     </span>
     <span class='ocr_line' id='line_1_4' title="bbox 239 865 1316 950; baseline 0.001 -24"><span class='ocrx_word' id='word_1_15' title='bbox 239 887 257 926; x_wconf 89' lang='lat' dir='ltr'><strong>a</strong></span> <span class='ocrx_word' id='word_1_16' title='bbox 281 866 378 926; x_wconf 85' lang='lat' dir='ltr'>Plinio</span> <span class='ocrx_word' id='word_1_17' title='bbox 403 865 637 950; x_wconf 86' lang='lat' dir='ltr'><strong>(Trajanoque)</strong></span> <span class='ocrx_word' id='word_1_18' title='bbox 662 887 732 926; x_wconf 88' lang='lat' dir='ltr'><strong>esse</strong></span> <span class='ocrx_word' id='word_1_19' title='bbox 752 868 969 947; x_wconf 89' lang='lat' dir='ltr'><strong>conscriptum</strong></span> <span class='ocrx_word' id='word_1_20' title='bbox 981 869 1038 928; x_wconf 87' lang='lat' dir='ltr'><strong>vix</strong></span> <span class='ocrx_word' id='word_1_21' title='bbox 1051 869 1221 948; x_wconf 88' lang='lat' dir='ltr'><strong>quisquam</strong></span> <span class='ocrx_word' id='word_1_22' title='bbox 1234 869 1316 928; x_wconf 89' lang='lat' dir='ltr'><strong>serio</strong></span> 
     </span>
     <span class='ocr_line' id='line_1_5' title="bbox 242 995 416 1073; baseline 0.006 -20"><span class='ocrx_word' id='word_1_23' title='bbox 242 995 416 1073; x_wconf 82' lang='lat' dir='ltr'><strong>negaverit.</strong></span> 
     </span>
    </p>
   </div>
   <div class='ocr_carea' id='block_1_3' title="bbox 284 1120 1319 1200">
    <p class='ocr_par' dir='ltr' id='par_1_3' title="bbox 284 1120 1319 1200">
     <span class='ocr_line' id='line_1_6' title="bbox 284 1120 1319 1200; baseline -0.001 -19"><span class='ocrx_word' id='word_1_24' title='bbox 284 1121 368 1182; x_wconf 91' lang='lat' dir='ltr'><strong>Hinc</strong></span> <span class='ocrx_word' id='word_1_25' title='bbox 399 1120 487 1181; x_wconf 88' lang='lat' dir='ltr'><strong>facile</strong></span> <span class='ocrx_word' id='word_1_26' title='bbox 511 1120 649 1181; x_wconf 88' lang='lat' dir='ltr'><strong>efficitur</strong></span> <span class='ocrx_word' id='word_1_27' title='bbox 671 1120 777 1181; x_wconf 89' lang='lat' dir='ltr'><strong>Heldii</strong></span> <span class='ocrx_word' id='word_1_28' title='bbox 802 1121 994 1182; x_wconf 81' lang='lat' dir='ltr'><strong>sententiam</strong></span> <span class='ocrx_word' id='word_1_29' title='bbox 1018 1121 1145 1200; x_wconf 87' lang='lat' dir='ltr'><strong>penitus</strong></span> <span class='ocrx_word' id='word_1_30' title='bbox 1167 1141 1237 1181; x_wconf 89' lang='lat' dir='ltr'><strong>csse</strong></span> <span class='ocrx_word' id='word_1_31' title='bbox 1261 1121 1319 1180; x_wconf 89' lang='lat' dir='ltr'><strong>ab·</strong></span> 
     </span>
    </p>
   </div>
   <div class='ocr_carea' id='block_1_4' title="bbox 232 1222 1319 1327">
    <p class='ocr_par' dir='ltr' id='par_1_4' title="bbox 232 1222 1319 1327">
     <span class='ocr_line' id='line_1_7' title="bbox 232 1222 1319 1327; baseline 0.001 -21"><span class='ocrx_word' id='word_1_32' title='bbox 232 1247 421 1326; x_wconf 88' lang='lat' dir='ltr'><strong>jiciendam,</strong></span> <span class='ocrx_word' id='word_1_33' title='bbox 457 1256 489 1307; x_wconf 90' lang='lat' dir='ltr'><strong>et</strong></span> <span class='ocrx_word' id='word_1_34' title='bbox 526 1246 627 1307; x_wconf 88' lang='lat' dir='ltr'><strong>multa</strong></span> <span class='ocrx_word' id='word_1_35' title='bbox 662 1222 711 1306; x_wconf 92' lang='lat' dir='ltr'><strong>illa</strong></span> <span class='ocrx_word' id='word_1_36' title='bbox 747 1256 779 1307; x_wconf 91' lang='lat' dir='ltr'><strong>et</strong></span> <span class='ocrx_word' id='word_1_37' title='bbox 810 1248 920 1326; x_wconf 85' lang='lat' dir='ltr'><strong>gravia</strong></span> <span class='ocrx_word' id='word_1_38' title='bbox 952 1268 1036 1327; x_wconf 88' lang='lat' dir='ltr'><strong>quac</strong></span> <span class='ocrx_word' id='word_1_39' title='bbox 1067 1248 1126 1307; x_wconf 85' lang='lat' dir='ltr'><strong>sibi</strong></span> <span class='ocrx_word' id='word_1_40' title='bbox 1150 1247 1319 1308; x_wconf 88' lang='lat' dir='ltr'><strong>videbatur</strong></span> 
     </span>
    </p>
   </div>
   <div class='ocr_carea' id='block_1_5' title="bbox 237 1372 1316 3976">
    <p class='ocr_par' dir='ltr' id='par_1_5' title="bbox 237 1372 1315 1839">
     <span class='ocr_line' id='line_1_8' title="bbox 237 1372 1315 1462; baseline 0.002 -29"><span class='ocrx_word' id='word_1_41' title='bbox 237 1372 381 1434; x_wconf 88' lang='lat' dir='ltr'><strong>attulisse</strong></span> <span class='ocrx_word' id='word_1_42' title='bbox 415 1382 624 1452; x_wconf 84' lang='lat' dir='ltr'><strong>argumenta,</strong></span> <span class='ocrx_word' id='word_1_43' title='bbox 656 1393 719 1432; x_wconf 91' lang='lat' dir='ltr'><strong>non</strong></span> <span class='ocrx_word' id='word_1_44' title='bbox 752 1373 782 1432; x_wconf 92' lang='lat' dir='ltr'><strong>id</strong></span> <span class='ocrx_word' id='word_1_45' title='bbox 815 1373 902 1462; x_wconf 89' lang='lat' dir='ltr'><strong>quod</strong></span> <span class='ocrx_word' id='word_1_46' title='bbox 928 1374 1062 1434; x_wconf 88' lang='lat' dir='ltr'><strong>intendit</strong></span> <span class='ocrx_word' id='word_1_47' title='bbox 1085 1374 1315 1435; x_wconf 89' lang='lat' dir='ltr'><strong>demonstrare.</strong></span> 
     </span>
     <span class='ocr_line' id='line_1_9' title="bbox 238 1498 1314 1580; baseline 0.002 -22"><span class='ocrx_word' id='word_1_48' title='bbox 238 1501 347 1580; x_wconf 77' lang='lat' dir='ltr'><strong>Quare</strong></span> <span class='ocrx_word' id='word_1_49' title='bbox 381 1500 493 1559; x_wconf 88' lang='lat' dir='ltr'><strong>eadem</strong></span> <span class='ocrx_word' id='word_1_50' title='bbox 529 1498 591 1560; x_wconf 92' lang='lat' dir='ltr'><strong>hoc</strong></span> <span class='ocrx_word' id='word_1_51' title='bbox 626 1500 697 1559; x_wconf 89' lang='lat' dir='ltr'><strong>loeo</strong></span> <span class='ocrx_word' id='word_1_52' title='bbox 733 1500 809 1561; x_wconf 90' lang='lat' dir='ltr'><strong>data</strong></span> <span class='ocrx_word' id='word_1_53' title='bbox 841 1520 939 1580; x_wconf 88' lang='lat' dir='ltr'><strong>opera</strong></span> <span class='ocrx_word' id='word_1_54' title='bbox 967 1499 1135 1561; x_wconf 87' lang='lat' dir='ltr'><strong>refellenda</strong></span> <span class='ocrx_word' id='word_1_55' title='bbox 1159 1521 1314 1561; x_wconf 88' lang='lat' dir='ltr'><strong>essenon</strong></span> 
     </span>
     <span class='ocr_line' id='line_1_10' title="bbox 240 1626 1315 1707; baseline 0.001 -21"><span class='ocrx_word' id='word_1_56' title='bbox 240 1627 341 1706; x_wconf 76' lang='lat' dir='ltr'><strong>duco,</strong></span> <span class='ocrx_word' id='word_1_57' title='bbox 366 1627 552 1706; x_wconf 90' lang='lat' dir='ltr'><strong>praesertim</strong></span> <span class='ocrx_word' id='word_1_58' title='bbox 576 1645 649 1686; x_wconf 89' lang='lat' dir='ltr'><strong>cum</strong></span> <span class='ocrx_word' id='word_1_59' title='bbox 673 1646 703 1686; x_wconf 91' lang='lat' dir='ltr'><strong>v.</strong></span> <span class='ocrx_word' id='word_1_60' title='bbox 729 1626 758 1688; x_wconf 88' lang='lat' dir='ltr'><strong>d.</strong></span> <span class='ocrx_word' id='word_1_61' title='bbox 784 1626 905 1705; x_wconf 78' lang='lat' dir='ltr'><strong>Ussing</strong></span> <span class='ocrx_word' id='word_1_62' title='bbox 928 1626 1080 1707; x_wconf 89' lang='lat' dir='ltr'><strong>pleraque</strong></span> <span class='ocrx_word' id='word_1_63' title='bbox 1098 1627 1166 1706; x_wconf 87' lang='lat' dir='ltr'><strong>jam</strong></span> <span class='ocrx_word' id='word_1_64' title='bbox 1187 1628 1315 1706; x_wconf 79' lang='lat' dir='ltr'><strong>egregie</strong></span> 
     </span>
     <span class='ocr_line' id='line_1_11' title="bbox 237 1753 459 1839; baseline 0.005 -26"><span class='ocrx_word' id='word_1_65' title='bbox 237 1753 459 1839; x_wconf 78' lang='lat' dir='ltr'><strong>confutaverit.</strong></span> 
     </span>
    </p>

    <p class='ocr_par' dir='ltr' id='par_1_6' title="bbox 284 1878 1316 1960">
     <span class='ocr_line' id='line_1_12' title="bbox 284 1878 1316 1960; baseline 0.002 -21"><span class='ocrx_word' id='word_1_66' title='bbox 284 1879 358 1939; x_wconf 92' lang='lat' dir='ltr'><strong>Non</strong></span> <span class='ocrx_word' id='word_1_67' title='bbox 380 1899 457 1939; x_wconf 89' lang='lat' dir='ltr'><strong>sane</strong></span> <span class='ocrx_word' id='word_1_68' title='bbox 479 1899 563 1958; x_wconf 87' lang='lat' dir='ltr'><strong>nego</strong></span> <span class='ocrx_word' id='word_1_69' title='bbox 584 1878 650 1939; x_wconf 87' lang='lat' dir='ltr'><strong>fieri</strong></span> <span class='ocrx_word' id='word_1_70' title='bbox 670 1879 830 1959; x_wconf 84' lang='lat' dir='ltr'><strong>potuisse,</strong></span> <span class='ocrx_word' id='word_1_71' title='bbox 845 1887 880 1940; x_wconf 92' lang='lat' dir='ltr'><strong>ut</strong></span> <span class='ocrx_word' id='word_1_72' title='bbox 892 1880 933 1952; x_wconf 86' lang='lat' dir='ltr'><strong>is,</strong></span> <span class='ocrx_word' id='word_1_73' title='bbox 947 1880 1001 1959; x_wconf 91' lang='lat' dir='ltr'><strong>qui</strong></span> <span class='ocrx_word' id='word_1_74' title='bbox 1014 1879 1129 1940; x_wconf 90' lang='lat' dir='ltr'><strong>librum</strong></span> <span class='ocrx_word' id='word_1_75' title='bbox 1142 1890 1216 1960; x_wconf 87' lang='lat' dir='ltr'><strong>post</strong></span> <span class='ocrx_word' id='word_1_76' title='bbox 1228 1880 1316 1941; x_wconf 92' lang='lat' dir='ltr'><strong>Plinii</strong></span> 
     </span>
    </p>

    <p class='ocr_par' dir='ltr' id='par_1_7' title="bbox 237 2004 1314 3204">
     <span class='ocr_line' id='line_1_13' title="bbox 240 2004 1314 2086; baseline 0.002 -20"><span class='ocrx_word' id='word_1_77' title='bbox 240 2015 377 2067; x_wconf 90' lang='lat' dir='ltr'><strong>mortem</strong></span> <span class='ocrx_word' id='word_1_78' title='bbox 401 2005 516 2080; x_wconf 86' lang='lat' dir='ltr'><strong>edidit,</strong></span> <span class='ocrx_word' id='word_1_79' title='bbox 542 2005 648 2086; x_wconf 87' lang='lat' dir='ltr'><strong>aliqua</strong></span> <span class='ocrx_word' id='word_1_80' title='bbox 673 2006 772 2065; x_wconf 89' lang='lat' dir='ltr'><strong>immo</strong></span> <span class='ocrx_word' id='word_1_81' title='bbox 796 2004 882 2065; x_wconf 87' lang='lat' dir='ltr'><strong>haud</strong></span> <span class='ocrx_word' id='word_1_82' title='bbox 906 2026 1009 2086; x_wconf 87' lang='lat' dir='ltr'><strong>pauca</strong></span> <span class='ocrx_word' id='word_1_83' title='bbox 1030 2005 1080 2066; x_wconf 93' lang='lat' dir='ltr'><strong>hic</strong></span> <span class='ocrx_word' id='word_1_84' title='bbox 1093 2007 1152 2067; x_wconf 92' lang='lat' dir='ltr'><strong>illic</strong></span> <span class='ocrx_word' id='word_1_85' title='bbox 1165 2017 1314 2082; x_wconf 85' lang='lat' dir='ltr'><strong>mutaret,</strong></span> 
     </span>
     <span class='ocr_line' id='line_1_14' title="bbox 239 2129 1314 2217; baseline 0.003 -25"><span class='ocrx_word' id='word_1_86' title='bbox 239 2134 399 2206; x_wconf 88' lang='lat' dir='ltr'><strong>demeret,</strong></span> <span class='ocrx_word' id='word_1_87' title='bbox 422 2131 503 2192; x_wconf 85' lang='lat' dir='ltr'><strong>forte</strong></span> <span class='ocrx_word' id='word_1_88' title='bbox 522 2141 554 2192; x_wconf 88' lang='lat' dir='ltr'><strong>et</strong></span> <span class='ocrx_word' id='word_1_89' title='bbox 574 2131 723 2205; x_wconf 83' lang='lat' dir='ltr'><strong>adderet,</strong></span> <span class='ocrx_word' id='word_1_90' title='bbox 740 2141 885 2209; x_wconf 89' lang='lat' dir='ltr'><strong>quaeest</strong></span> <span class='ocrx_word' id='word_1_91' title='bbox 898 2129 1073 2192; x_wconf 87' lang='lat' dir='ltr'><strong>Schaedelii</strong></span> <span class='ocrx_word' id='word_1_92' title='bbox 1086 2135 1261 2203; x_wconf 85' lang='lat' dir='ltr'><strong>sententia,</strong></span> <span class='ocrx_word' id='word_1_93' title='bbox 1284 2140 1289 2174; x_wconf 83' lang='lat'>¹</span> <span class='ocrx_word' id='word_1_94' title='bbox 1301 2133 1314 2217; x_wconf 78' lang='grc'>&gt;</span> 
     </span>
     <span class='ocr_line' id='line_1_15' title="bbox 240 2257 1216 2338; baseline 0 -19"><span class='ocrx_word' id='word_1_95' title='bbox 240 2260 295 2319; x_wconf 90' lang='lat' dir='ltr'><strong>sed</strong></span> <span class='ocrx_word' id='word_1_96' title='bbox 319 2257 398 2319; x_wconf 91' lang='lat' dir='ltr'><strong>haec</strong></span> <span class='ocrx_word' id='word_1_97' title='bbox 423 2258 559 2318; x_wconf 87' lang='lat' dir='ltr'><strong>universi</strong></span> <span class='ocrx_word' id='word_1_98' title='bbox 584 2257 652 2317; x_wconf 84' lang='lat' dir='ltr'><strong>libri</strong></span> <span class='ocrx_word' id='word_1_99' title='bbox 677 2258 847 2318; x_wconf 86' lang='lat' dir='ltr'><strong>sinceritati</strong></span> <span class='ocrx_word' id='word_1_100' title='bbox 872 2258 1002 2318; x_wconf 88' lang='lat' dir='ltr'><strong>minime</strong></span> <span class='ocrx_word' id='word_1_101' title='bbox 1026 2270 1216 2338; x_wconf 87' lang='lat' dir='ltr'><strong>repugnant.</strong></span> 
     </span>
     <span class='ocr_line' id='line_1_16' title="bbox 247 2379 1314 2466; baseline 0 -21"><span class='ocrx_word' id='word_1_102' title='bbox 247 2383 250 2389; x_wconf 79' lang='grc'><strong>’</strong></span> <span class='ocrx_word' id='word_1_103' title='bbox 283 2385 426 2466; x_wconf 76' lang='lat' dir='ltr'><strong>Quaerat</strong></span> <span class='ocrx_word' id='word_1_104' title='bbox 445 2382 605 2464; x_wconf 90' lang='lat' dir='ltr'><strong>quispiam</strong></span> <span class='ocrx_word' id='word_1_105' title='bbox 626 2404 682 2444; x_wconf 90' lang='lat' dir='ltr'><strong>cur</strong></span> <span class='ocrx_word' id='word_1_106' title='bbox 702 2384 837 2444; x_wconf 88' lang='lat' dir='ltr'><strong>universi</strong></span> <span class='ocrx_word' id='word_1_107' title='bbox 857 2383 925 2445; x_wconf 89' lang='lat' dir='ltr'><strong>libri</strong></span> <span class='ocrx_word' id='word_1_108' title='bbox 947 2379 1117 2445; x_wconf 65' lang='grc' dir='ltr'><strong>κῠθεντίαν</strong></span> <span class='ocrx_word' id='word_1_109' title='bbox 1137 2405 1234 2464; x_wconf 86' lang='lat' dir='ltr'><strong>qnam</strong></span> <span class='ocrx_word' id='word_1_110' title='bbox 1253 2385 1314 2445; x_wconf 95' lang='lat' dir='ltr'><strong>hac</strong></span> 
     </span>
     <span class='ocr_line' id='line_1_17' title="bbox 239 2510 1314 2591; baseline -0.004 -19"><span class='ocrx_word' id='word_1_111' title='bbox 239 2513 368 2591; x_wconf 87' lang='lat' dir='ltr'><strong>quidem</strong></span> <span class='ocrx_word' id='word_1_112' title='bbox 395 2520 501 2572; x_wconf 92' lang='lat' dir='ltr'><strong>aetate</strong></span> <span class='ocrx_word' id='word_1_113' title='bbox 525 2530 621 2570; x_wconf 92' lang='lat' dir='ltr'><strong>nemo</strong></span> <span class='ocrx_word' id='word_1_114' title='bbox 645 2520 758 2589; x_wconf 89' lang='lat' dir='ltr'><strong>neget,</strong></span> <span class='ocrx_word' id='word_1_115' title='bbox 783 2519 875 2570; x_wconf 91' lang='lat' dir='ltr'><strong>tanto</strong></span> <span class='ocrx_word' id='word_1_116' title='bbox 895 2520 1158 2588; x_wconf 87' lang='lat' dir='ltr'><strong>argumentorum</strong></span> <span class='ocrx_word' id='word_1_117' title='bbox 1172 2510 1314 2589; x_wconf 89' lang='lat' dir='ltr'><strong>pondere</strong></span> 
     </span>
     <span class='ocr_line' id='line_1_18' title="bbox 238 2635 1314 2716; baseline -0.003 -18"><span class='ocrx_word' id='word_1_118' title='bbox 238 2638 442 2698; x_wconf 86' lang='lat' dir='ltr'><strong>asserendam</strong></span> <span class='ocrx_word' id='word_1_119' title='bbox 474 2637 664 2716; x_wconf 88' lang='lat' dir='ltr'><strong>putaverim.</strong></span> <span class='ocrx_word' id='word_1_120' title='bbox 698 2635 757 2697; x_wconf 88' lang='lat' dir='ltr'><strong>Cui</strong></span> <span class='ocrx_word' id='word_1_121' title='bbox 789 2656 841 2695; x_wconf 89' lang='lat' dir='ltr'><strong>me</strong></span> <span class='ocrx_word' id='word_1_122' title='bbox 864 2635 894 2695; x_wconf 91' lang='lat' dir='ltr'><strong>id</strong></span> <span class='ocrx_word' id='word_1_123' title='bbox 922 2656 960 2695; x_wconf 86' lang='lat' dir='ltr'><strong>eo</strong></span> <span class='ocrx_word' id='word_1_124' title='bbox 984 2636 1115 2696; x_wconf 91' lang='lat' dir='ltr'><strong>consilio</strong></span> <span class='ocrx_word' id='word_1_125' title='bbox 1138 2635 1247 2696; x_wconf 85' lang='lat' dir='ltr'><strong>fecisse</strong></span> <span class='ocrx_word' id='word_1_126' title='bbox 1267 2656 1314 2696; x_wconf 89' lang='lat' dir='ltr'><strong>re-</strong></span> 
     </span>
     <span class='ocr_line' id='line_1_19' title="bbox 238 2760 1313 2843; baseline -0.001 -20"><span class='ocrx_word' id='word_1_127' title='bbox 238 2764 421 2843; x_wconf 90' lang='lat' dir='ltr'><strong>sponderim</strong></span> <span class='ocrx_word' id='word_1_128' title='bbox 458 2772 492 2823; x_wconf 90' lang='lat' dir='ltr'><strong>ut</strong></span> <span class='ocrx_word' id='word_1_129' title='bbox 525 2762 694 2822; x_wconf 85' lang='lat' dir='ltr'><strong>faciliorem</strong></span> <span class='ocrx_word' id='word_1_130' title='bbox 720 2760 795 2821; x_wconf 90' lang='lat' dir='ltr'><strong>mihi</strong></span> <span class='ocrx_word' id='word_1_131' title='bbox 820 2762 860 2821; x_wconf 91' lang='lat' dir='ltr'><strong>ad</strong></span> <span class='ocrx_word' id='word_1_132' title='bbox 884 2762 1039 2842; x_wconf 89' lang='lat' dir='ltr'><strong>reliquam</strong></span> <span class='ocrx_word' id='word_1_133' title='bbox 1063 2763 1313 2843; x_wconf 90' lang='lat' dir='ltr'><strong>disputationem</strong></span> 
     </span>
     <span class='ocr_line' id='line_1_20' title="bbox 237 2887 1314 2950; baseline -0.001 -2"><span class='ocrx_word' id='word_1_134' title='bbox 237 2891 322 2950; x_wconf 90' lang='lat' dir='ltr'><strong>viam</strong></span> <span class='ocrx_word' id='word_1_135' title='bbox 356 2890 522 2950; x_wconf 88' lang='lat' dir='ltr'><strong>munirem.</strong></span> <span class='ocrx_word' id='word_1_136' title='bbox 554 2888 701 2950; x_wconf 86' lang='lat' dir='ltr'><strong>Universi</strong></span> <span class='ocrx_word' id='word_1_137' title='bbox 734 2888 819 2947; x_wconf 92' lang='lat' dir='ltr'><strong>enim</strong></span> <span class='ocrx_word' id='word_1_138' title='bbox 844 2887 912 2948; x_wconf 91' lang='lat' dir='ltr'><strong>libri</strong></span> <span class='ocrx_word' id='word_1_139' title='bbox 936 2889 1115 2949; x_wconf 84' lang='lat' dir='ltr'><strong>sinceritate</strong></span> <span class='ocrx_word' id='word_1_140' title='bbox 1139 2890 1314 2949; x_wconf 88' lang='lat' dir='ltr'><strong>necessarie</strong></span> 
     </span>
     <span class='ocr_line' id='line_1_21' title="bbox 237 3013 1313 3093; baseline -0.002 -16"><span class='ocrx_word' id='word_1_141' title='bbox 237 3018 475 3089; x_wconf 86' lang='lat' dir='ltr'><strong>demonstrata,</strong></span> <span class='ocrx_word' id='word_1_142' title='bbox 501 3015 651 3074; x_wconf 88' lang='lat' dir='ltr'><strong>leviorem</strong></span> <span class='ocrx_word' id='word_1_143' title='bbox 677 3014 717 3073; x_wconf 91' lang='lat' dir='ltr'><strong>de</strong></span> <span class='ocrx_word' id='word_1_144' title='bbox 740 3014 886 3093; x_wconf 88' lang='lat' dir='ltr'><strong>partibus</strong></span> <span class='ocrx_word' id='word_1_145' title='bbox 910 3013 985 3074; x_wconf 91' lang='lat' dir='ltr'><strong>mihi</strong></span> <span class='ocrx_word' id='word_1_146' title='bbox 1006 3034 1150 3093; x_wconf 85' lang='lat' dir='ltr'><strong>pugnam</strong></span> <span class='ocrx_word' id='word_1_147' title='bbox 1171 3035 1245 3075; x_wconf 93' lang='lat' dir='ltr'><strong>cum</strong></span> <span class='ocrx_word' id='word_1_148' title='bbox 1258 3014 1313 3075; x_wconf 87' lang='lat' dir='ltr'><strong>ad-</strong></span> 
     </span>
     <span class='ocr_line' id='line_1_22' title="bbox 239 3140 823 3204; baseline -0.003 -2"><span class='ocrx_word' id='word_1_149' title='bbox 239 3143 383 3204; x_wconf 87' lang='lat' dir='ltr'><strong>versariis</strong></span> <span class='ocrx_word' id='word_1_150' title='bbox 407 3141 546 3203; x_wconf 84' lang='lat' dir='ltr'><strong>futuram</strong></span> <span class='ocrx_word' id='word_1_151' title='bbox 572 3160 641 3199; x_wconf 89' lang='lat' dir='ltr'><strong>esse</strong></span> <span class='ocrx_word' id='word_1_152' title='bbox 665 3140 823 3200; x_wconf 83' lang='lat' dir='ltr'><strong>existimo.</strong></span> 
     </span>
    </p>

    <p class='ocr_par' dir='ltr' id='par_1_8' title="bbox 237 3265 1313 3976">
     <span class='ocr_line' id='line_1_23' title="bbox 283 3265 1312 3352; baseline -0.004 -23"><span class='ocrx_word' id='word_1_153' title='bbox 283 3272 430 3352; x_wconf 79' lang='lat' dir='ltr'><strong>Quorum</strong></span> <span class='ocrx_word' id='word_1_154' title='bbox 461 3286 561 3327; x_wconf 90' lang='lat' dir='ltr'><strong>unum</strong></span> <span class='ocrx_word' id='word_1_155' title='bbox 592 3267 735 3326; x_wconf 91' lang='lat' dir='ltr'><strong>omnium</strong></span> <span class='ocrx_word' id='word_1_156' title='bbox 766 3265 994 3326; x_wconf 85' lang='lat' dir='ltr'><strong>validissimum</strong></span> <span class='ocrx_word' id='word_1_157' title='bbox 1018 3276 1050 3327; x_wconf 92' lang='lat' dir='ltr'><strong>et</strong></span> <span class='ocrx_word' id='word_1_158' title='bbox 1074 3265 1312 3340; x_wconf 86' lang='lat' dir='ltr'><strong>doctissimum,</strong></span> 
     </span>
     <span class='ocr_line' id='line_1_24' title="bbox 239 3390 1312 3474; baseline -0.007 -17"><span class='ocrx_word' id='word_1_159' title='bbox 239 3395 425 3474; x_wconf 83' lang='lat' dir='ltr'><strong>Ussingium</strong></span> <span class='ocrx_word' id='word_1_160' title='bbox 460 3392 549 3465; x_wconf 88' lang='lat' dir='ltr'><strong>dic0,</strong></span> <span class='ocrx_word' id='word_1_161' title='bbox 582 3391 649 3470; x_wconf 88' lang='lat' dir='ltr'><strong>jam</strong></span> <span class='ocrx_word' id='word_1_162' title='bbox 684 3392 823 3471; x_wconf 90' lang='lat' dir='ltr'><strong>primum</strong></span> <span class='ocrx_word' id='word_1_163' title='bbox 859 3391 1036 3470; x_wconf 77' lang='lat' dir='ltr'><strong>aggrediar.</strong></span> <span class='ocrx_word' id='word_1_164' title='bbox 1068 3390 1148 3470; x_wconf 82' lang='lat' dir='ltr'><strong>Qui,</strong></span> <span class='ocrx_word' id='word_1_165' title='bbox 1183 3401 1217 3451; x_wconf 91' lang='lat' dir='ltr'><strong>ut</strong></span> <span class='ocrx_word' id='word_1_166' title='bbox 1245 3390 1312 3469; x_wconf 88' lang='lat' dir='ltr'><strong>jam</strong></span> 
     </span>
     <span class='ocr_line' id='line_1_25' title="bbox 239 3513 1311 3599; baseline -0.008 -15"><span class='ocrx_word' id='word_1_167' title='bbox 239 3523 358 3597; x_wconf 90' lang='lat' dir='ltr'><strong>monui,</strong></span> <span class='ocrx_word' id='word_1_168' title='bbox 372 3520 459 3581; x_wconf 90' lang='lat' dir='ltr'><strong>Plinii</strong></span> <span class='ocrx_word' id='word_1_169' title='bbox 471 3518 680 3599; x_wconf 86' lang='lat' dir='ltr'><strong>epistularum</strong></span> <span class='ocrx_word' id='word_1_170' title='bbox 695 3513 864 3578; x_wconf 65' lang='grc' dir='ltr'><strong>αὐθεντίαν</strong></span> <span class='ocrx_word' id='word_1_171' title='bbox 877 3517 1029 3577; x_wconf 84' lang='lat' dir='ltr'><strong>adversus</strong></span> <span class='ocrx_word' id='word_1_172' title='bbox 1044 3517 1148 3576; x_wconf 89' lang='lat' dir='ltr'><strong>lleldii</strong></span> <span class='ocrx_word' id='word_1_173' title='bbox 1161 3517 1311 3576; x_wconf 87' lang='lat' dir='ltr'><strong>aliorum-</strong></span> 
     </span>
     <span class='ocr_line' id='line_1_26' title="bbox 237 3642 1313 3730; baseline -0.007 -21"><span class='ocrx_word' id='word_1_174' title='bbox 237 3670 301 3730; x_wconf 78' lang='lat' dir='ltr'><strong>que</strong></span> <span class='ocrx_word' id='word_1_175' title='bbox 331 3646 548 3708; x_wconf 90' lang='lat' dir='ltr'><strong>dubitationes</strong></span> <span class='ocrx_word' id='word_1_176' title='bbox 581 3645 709 3724; x_wconf 89' lang='lat' dir='ltr'><strong>egregie</strong></span> <span class='ocrx_word' id='word_1_177' title='bbox 732 3644 888 3718; x_wconf 85' lang='lat' dir='ltr'><strong>defendit,</strong></span> <span class='ocrx_word' id='word_1_178' title='bbox 913 3642 1041 3721; x_wconf 86' lang='lat' dir='ltr'><strong>Trajani</strong></span> <span class='ocrx_word' id='word_1_179' title='bbox 1064 3663 1140 3703; x_wconf 85' lang='lat' dir='ltr'><strong>vero</strong></span> <span class='ocrx_word' id='word_1_180' title='bbox 1163 3664 1247 3723; x_wconf 89' lang='lat' dir='ltr'><strong>quae</strong></span> <span class='ocrx_word' id='word_1_181' title='bbox 1270 3643 1284 3703; x_wconf 95' lang='lat' dir='ltr'><strong>f</strong></span> <span class='ocrx_word' id='word_1_182' title='bbox 1301 3679 1313 3688; x_wconf 91' lang='lat'><strong>·</strong></span> 
     </span>
     <span class='ocr_line' id='line_1_27' title="bbox 237 3772 1309 3855; baseline -0.005 -17"><span class='ocrx_word' id='word_1_183' title='bbox 237 3787 349 3838; x_wconf 89' lang='lat' dir='ltr'><strong>runtur</strong></span> <span class='ocrx_word' id='word_1_184' title='bbox 371 3795 524 3855; x_wconf 85' lang='lat' dir='ltr'><strong>responsa</strong></span> <span class='ocrx_word' id='word_1_185' title='bbox 538 3794 601 3834; x_wconf 93' lang='lat' dir='ltr'><strong>non</strong></span> <span class='ocrx_word' id='word_1_186' title='bbox 614 3775 657 3834; x_wconf 87' lang='lat' dir='ltr'><strong>ab</strong></span> <span class='ocrx_word' id='word_1_187' title='bbox 672 3773 869 3853; x_wconf 84' lang='lat' dir='ltr'><strong>Imperatore</strong></span> <span class='ocrx_word' id='word_1_188' title='bbox 881 3774 936 3834; x_wconf 89' lang='lat' dir='ltr'><strong>sed</strong></span> <span class='ocrx_word' id='word_1_189' title='bbox 950 3794 969 3833; x_wconf 89' lang='lat' dir='ltr'><strong>a</strong></span> <span class='ocrx_word' id='word_1_190' title='bbox 982 3774 1049 3832; x_wconf 90' lang='lat' dir='ltr'><strong>viro</strong></span> <span class='ocrx_word' id='word_1_191' title='bbox 1063 3793 1125 3833; x_wconf 90' lang='lat' dir='ltr'><strong>non</strong></span> <span class='ocrx_word' id='word_1_192' title='bbox 1139 3772 1309 3843; x_wconf 72' lang='lat' dir='ltr'><strong>illitterato</strong></span> 
     </span>
     <span class='ocr_line' id='line_1_28' title="bbox 237 3900 899 3976; baseline -0.002 -15"><span class='ocrx_word' id='word_1_193' title='bbox 237 3903 364 3964; x_wconf 81' lang='lat' dir='ltr'><strong>:ueeulo</strong></span> <span class='ocrx_word' id='word_1_194' title='bbox 387 3902 450 3962; x_wconf 89' lang='lat' dir='ltr'><strong>XV</strong></span> <span class='ocrx_word' id='word_1_195' title='bbox 476 3911 633 3976; x_wconf 78' lang='lat' dir='ltr'><strong>exeunte,</strong></span> <span class='ocrx_word' id='word_1_196' title='bbox 658 3921 727 3961; x_wconf 87' lang='lat' dir='ltr'><strong>esse</strong></span> <span class='ocrx_word' id='word_1_197' title='bbox 752 3900 899 3962; x_wconf 80' lang='lat' dir='ltr'><strong>conficta.</strong></span> 
     </span>
    </p>
   </div>
   <div class='ocr_carea' id='block_1_6' title="bbox 283 4024 1310 4109">
    <p class='ocr_par' dir='ltr' id='par_1_9' title="bbox 283 4024 1310 4109">
     <span class='ocr_line' id='line_1_29' title="bbox 283 4024 1310 4109; baseline -0.002 -20"><span class='ocrx_word' id='word_1_198' title='bbox 283 4029 489 4107; x_wconf 72' lang='lat' dir='ltr'><strong>Argumenta</strong></span> <span class='ocrx_word' id='word_1_199' title='bbox 524 4024 697 4105; x_wconf 57' lang='lat' dir='ltr'><strong>Ussingii‚‘</strong></span> <span class='ocrx_word' id='word_1_200' title='bbox 715 4047 798 4106; x_wconf 67' lang='lat' dir='ltr'><strong>&lt;luae</strong></span> <span class='ocrx_word' id='word_1_201' title='bbox 832 4028 942 4106; x_wconf 87' lang='lat' dir='ltr'><strong>paucis</strong></span> <span class='ocrx_word' id='word_1_202' title='bbox 974 4049 1070 4109; x_wconf 86' lang='lat' dir='ltr'><strong>supra</strong></span> <span class='ocrx_word' id='word_1_203' title='bbox 1100 4030 1210 4106; x_wconf 70' lang='lat' dir='ltr'><strong>attigi,</strong></span> <span class='ocrx_word' id='word_1_204' title='bbox 1244 4029 1310 4107; x_wconf 87' lang='lat' dir='ltr'><strong>jam</strong></span> 
     </span>
    </p>
   </div>
   <div class='ocr_carea' id='block_1_7' title="bbox 273 4299 560 4364">
    <p class='ocr_par' dir='ltr' id='par_1_10' title="bbox 273 4299 560 4364">
     <span class='ocr_line' id='line_1_30' title="bbox 273 4299 560 4364; baseline 0 -16"><span class='ocrx_word' id='word_1_205' title='bbox 273 4299 290 4358; x_wconf 87' lang='lat'><strong>¹)</strong></span> <span class='ocrx_word' id='word_1_206' title='bbox 309 4301 431 4348; x_wconf 76' lang='lat' dir='ltr'><strong>Schaedel</strong></span> <span class='ocrx_word' id='word_1_207' title='bbox 450 4302 476 4349; x_wconf 90' lang='lat' dir='ltr'><strong>ll.</strong></span> <span class='ocrx_word' id='word_1_208' title='bbox 493 4319 516 4364; x_wconf 86' lang='lat' dir='ltr'><strong>p.</strong></span> <span class='ocrx_word' id='word_1_209' title='bbox 535 4316 560 4360; x_wconf 87' lang='lat'><strong>4.</strong></span> 
     </span>
    </p>
   </div>
   <div class='ocr_carea' id='block_1_8' title="bbox 0 0 1562 5130">
    <p class='ocr_par' dir='ltr' id='par_1_11' title="bbox 0 0 1562 5130">
     <span class='ocr_line' id='line_1_31' title="bbox 0 0 1562 5130; baseline 0 0"><span class='ocrx_word' id='word_1_210' title='bbox 0 0 1562 5130; x_wconf 95' lang='lat' dir='ltr'><strong> </strong></span> 
     </span>
    </p>
   </div>
  </div>
 </body>
</html>
