3114 5130
815 483 836 546 4

333 653 490 717 Paulatim
514 675 590 716 vero
613 655 829 716 controversia
852 653 977 715 videtur
995 672 1064 713 esse
1081 651 1217 722 omissa,
1239 659 1271 711 et
1283 647 1364 709 inter
1442 671 1444 675 ¹

288 782 407 843 multos
435 782 520 855 illos,
553 801 673 862 eosque
704 781 906 842 doctissimos
937 780 1038 858 viros,
1062 779 1116 858 qui
1141 786 1215 857 post
1241 775 1361 835 Aldum

287 907 440 988 epistulas
475 907 524 968 vel
558 907 741 981 ediderunt,
774 906 824 967 vel
856 905 1093 967 commentariis
1126 905 1362 971 instruxerunt,

287 1033 343 1092 vix
362 1053 444 1093 unus
464 1042 496 1093 et
517 1032 596 1093 alter
618 1033 767 1093 inventus
779 1042 845 1111 est,
859 1033 913 1111 qui
927 1031 976 1092 vel
989 1031 1147 1092 levissime
1158 1030 1199 1093 de
1212 1024 1363 1090 αὑθεντία

287 1158 460 1220 dubitaret.
495 1158 535 1220 G.
572 1159 595 1221 l.
641 1159 777 1220 Vossius
818 1158 964 1238 quidem:
1008 1157 1157 1236 „(librum
1191 1155 1366 1234 decimum)

288 1304 358 1344 esse
388 1284 580 1364 genuinum,
613 1284 731 1363 inquit,
757 1293 849 1345 extra
873 1284 1123 1344 controversiam
1148 1283 1224 1364 poni
1249 1281 1364 1354 debet,

287 1411 473 1491 praesertim
504 1410 545 1471 de
568 1410 702 1490 epistola
726 1410 793 1484 illa,
819 1431 883 1490 qua
907 1430 1003 1490 super
1026 1409 1212 1471 Christianis
1235 1407 1363 1488 Trajani

287 1535 437 1613 judicium
458 1536 614 1616 exquirit,
632 1537 707 1597 item
721 1537 797 1610 ista,
809 1557 874 1616 qua
888 1535 1006 1598 Caesar
1018 1537 1116 1597 Plinio
1129 1533 1312 1617 respondit''
1329 1536 1362 1615 ¹).

333 1665 382 1725 At
406 1684 481 1725 vero
505 1674 580 1725 ante
602 1663 662 1724 hos
686 1674 815 1725 centum
835 1685 937 1725 annos
957 1661 1071 1749 (1788)
1092 1662 1253 1726 Semlerus
1266 1684 1364 1743 quae-

287 1791 423 1851 stionem
447 1790 554 1851 denuo
579 1791 701 1870 agitare
724 1791 840 1871 coepit.
865 1789 957 1852 Solas
982 1791 1031 1850 ille
1056 1791 1186 1871 quidem
1211 1790 1364 1871 epistulas

287 1916 324 1976 T.
355 1916 398 1996 96
421 1926 454 1979 et
477 1931 519 1995 97
545 1917 676 1999 (quibus
699 1916 739 1977 de
764 1916 1016 1979 Christianorum
1041 1937 1136 1978 causa
1162 1914 1281 1999 agitur)
1306 1917 1364 1977 im-

288 2044 460 2124 pugnavit,
496 2064 577 2123 quas
612 2064 630 2104 a
665 2042 790 2104 falsario
821 2043 1032 2124 (Tertulliano
1063 2043 1161 2112 sortel
1193 2043 1363 2114 confictas,

288 2169 529 2246 „stolidissimas
554 2190 673 2248 nugas,
694 2169 884 2249 fraudesque
905 2191 967 2230 non
989 2171 1058 2250 pias
1070 2171 1126 2230 sed
1140 2166 1363 2250 impudentes''

288 2295 379 2356 dixit.
398 2292 428 2376 ²)

333 2419 413 2496 Sed,
438 2423 585 2502 quamvis
608 2421 768 2483 Setnlerus
789 2423 926 2483 multum
947 2423 1085 2504 pulveris
1105 2425 1277 2499 excitaret,
1300 2445 1363 2486 non

288 2548 353 2623 ille,
387 2548 436 2608 vel
471 2549 506 2608 iis
530 2550 604 2628 ipsis
631 2548 820 2620 fatentibus,
847 2551 900 2629 qui
924 2560 1037 2630 postea
1060 2550 1188 2611 easdem
1213 2551 1365 2631 epistulas

288 2674 443 2753 genuinas
472 2694 541 2734 esse
573 2685 785 2753 negaverunt,
820 2696 881 2736 non
914 2676 980 2747 ille,
1013 2679 1160 2758 inquam,
1194 2678 1223 2737 in
1260 2698 1296 2738 ea
1332 2700 1365 2739 re

289 2801 465 2880 quidquam
491 2801 604 2862 effecit.

333 2927 433 2988 Recte
464 2948 495 2988 v,
527 2927 558 2988 d.
592 2928 629 2987 L.
663 2926 834 2990 Schacdel:
869 2929 1027 3005 „semlers
1054 2951 1156 3009 ganne
1178 2931 1285 2992 Kritik
1308 2930 1364 2992 hat

289 3053 346 3113 alls
370 3053 499 3133 Mangel
512 3054 568 3114 des
581 3054 849 3115 Rationalismus:
872 3055 1132 3136 Beweisstihrung
1144 3078 1202 3117 aus
1215 3057 1364 3119 Gemein-

288 3180 413 3261 plittzen
430 3229 434 3239 .
452 3228 457 3238 .
475 3228 502 3240 ..
529 3181 602 3241 Wie
628 3202 686 3241 aus
710 3181 828 3242 diesem
853 3182 954 3243 Briele
978 3184 1050 3244 eine'
1069 3204 1170 3263 ganne
1194 3185 1258 3244 und
1282 3184 1363 3244 eben

290 3309 376 3369 diese
399 3306 592 3388 Sammlung
611 3307 695 3368 habe
713 3307 896 3370 erwachsen
916 3309 1059 3384 konnen,
1074 3331 1114 3371 an
1129 3311 1364 3374 diescSchwie-

288 3433 405 3512 riglteit
441 3432 498 3495 hat
533 3454 566 3494 er
602 3434 659 3495 mit
694 3433 819 3494 keinem
856 3435 974 3514 Finges
1005 3436 1152 3515 geruhrt3
1185 3439 1250 3498 und
1273 3439 1363 3501 hatte

287 3559 428 3621 wirltlich
452 3559 627 3620 Tertullian
652 3561 713 3619 den
736 3560 824 3620 Brief
837 3559 1060 3639 geschrieben,
1075 3561 1183 3623 woher
1195 3574 1278 3623 nare
1289 3563 1362 3624 dem

292 3779 482 3786 ——-—-

324 3932 341 3992 ¹)
362 3934 392 3983 G,
416 3935 437 3995 J
466 3935 567 3981 Vossius
593 3937 812 3993 „Commentarius
838 3937 862 3984 in
882 3938 986 4000 lipistol.
1007 3937 1068 3987 l’lin.
1087 3939 1118 3985 de
1136 3939 1282 3986 Christianis
1300 3939 1363 3990 etc)¹

287 4014 351 4060 inter
369 4013 497 4076 (lpuscnla
516 4015 578 4061 tatii
597 4016 738 4075 argumenti
757 4032 780 4078 p.
800 4028 839 4078 54.
857 4018 967 4080 Opertnn
987 4018 1050 4063 'l'otn
1069 4033 1092 4078 4.
1112 4019 1217 4068 :ltustel
1238 4019 1308 4080 1699.

321 4092 340 4147 ὓ)
359 4092 387 4138 ln
411 4093 476 4138 lilnu
501 4109 572 4154 quein
599 4094 737 4157 inscripsit:
760 4096 849 4153 „Neue
873 4097 1000 4144 Versuclie
1025 4097 1065 4144 die
1086 4098 1299 4146 Kirelienliistoiie
1320 4103 1364 4147 dei·

285 4182 366 4218 ersten
381 4171 567 4233 Jalulninderte
587 4173 771 4223 auszulclttienf’
793 4174 862 4235 1788.
885 4176 1045 4238 Inipngnavit
1064 4178 1201 4225 Senilenun
1220 4188 1241 4225 et
1264 4181 1362 4242 penitus

285 4251 417 4298 confutavit
439 4251 590 4303 Ilaversaat.
610 4252 720 4298 ‹lefendil
742 4254 913 4304 C01·nuli.cs1·.
931 4256 993 4302 Rev.
1011 4256 1055 4303 iles
1072 4259 1158 4315 (laesi.
1178 4258 1272 4307 Histoi.
1288 4259 1361 4305 'l'oni-

285 4342 317 4389 24
335 4347 357 4393 p
381 4330 434 4378 128.
