3114 5130
819 472 860 523 20

345 648 395 710 At
428 670 504 710 vero
540 652 570 711 in
606 649 666 712 hac
700 671 797 712 causa
831 672 894 712 non
927 673 1023 712 unam
1048 663 1212 715 tantorum
1236 654 1376 714 virorum
1436 682 1440 687 ·
1494 663 1495 666 ’

300 778 527 845 auctoritatem
551 778 696 840 sufficere
714 779 806 840 nobis
830 800 958 840 necesse
978 791 1036 842 est.
1051 781 1134 842 Cum
1147 792 1256 842 autem
1270 781 1378 842 multis

299 905 367 965 aliis
398 907 596 984 argumentis
626 907 768 987 ipsorum
793 907 872 967 fides
898 909 1026 987 egregie
1049 907 1272 982 confirmetur,
1298 906 1378 967 tales

301 1041 449 1092 auctores
471 1033 542 1112 quis
568 1042 688 1093 temere
712 1045 879 1113 suspectos
903 1033 1057 1096 habebit?

344 1160 473 1220 Praeter
495 1175 539 1236 40
562 1159 630 1220 illas
655 1181 795 1241 namque
819 1162 907 1222 Plinii
928 1171 960 1223 et
981 1161 1108 1240 Trajani
1122 1161 1285 1241 epistulas
1300 1179 1381 1240 quas
1439 1217 1441 1222 .

303 1287 336 1346 in
361 1286 519 1366 prioribus
543 1285 735 1347 editionibus
760 1288 896 1347 omissas
920 1287 961 1348 ab
987 1259 1229 1349 Aldoecodice
1242 1289 1382 1349 Parisino

301 1412 427 1492 reliquis
451 1412 611 1492 praefixas
634 1433 702 1473 esse
722 1413 787 1474 dixi
810 1415 839 1474 in
864 1414 931 1475 aliis
944 1434 1075 1494 quoque
1088 1414 1164 1494 („ad
1177 1411 1380 1493 lanriliares’')

299 1538 385 1600 libris
416 1540 573 1621 epistulae
604 1539 776 1600 nonnullae
810 1540 1083 1601 desiderabantur.
1116 1542 1150 1601 In
1182 1540 1280 1601 Libro
1305 1541 1379 1602 VIII

300 1666 368 1746 (qui
400 1677 474 1748 post
510 1687 632 1727 nonum
664 1666 779 1727 librum
808 1667 988 1748 legebatur)
1014 1688 1051 1728 ea
1075 1668 1206 1728 deerant
1231 1688 1314 1748 quae
1338 1667 1379 1728 ab

300 1793 362 1873 Ep.
396 1795 425 1854 8.
457 1795 581 1872 3-18,
611 1810 649 1856 10
672 1792 767 1853 hodie
791 1794 957 1874 leguntur,
983 1795 1026 1855 ita
1051 1803 1086 1854 ut
1109 1803 1183 1874 post
1207 1793 1305 1854 verba
1329 1793 1380 1853 illa

304 1921 344 1980 de
367 1920 522 1982 Clitumni
546 1919 633 1980 fonte
653 1919 745 1997 „lons
765 1919 870 1980 adhuc
883 1930 915 1981 et
923 1920 990 1999 jam
1003 1920 1236 2000 amplissimum
1251 1919 1379 1995 flumen,

300 2057 399 2128 atque
430 2048 526 2108 etiam
560 2048 690 2108 navium
715 2046 861 2128 patiens''
885 2057 1095 2128 sequerentur
1118 2047 1214 2108 haec:
1241 2069 1292 2108 err.
1318 2048 1379 2129 Ep.

307 2177 363 2248 18,
397 2190 451 2252 19:
489 2174 691 2254 „eodemque
721 2194 787 2254 quo
810 2184 931 2234 emerat
955 2174 1005 2234 die
1029 2175 1214 2235 instruxerit
1239 2175 1381 2254 plurimis

302 2312 333 2363 et
357 2301 586 2380 antiquissimis
610 2298 757 2361 statuis.'’
783 2299 891 2380 Quare
915 2309 999 2360 recte
1019 2299 1087 2378 jam
1109 2300 1284 2360 Beroaldus
1296 2301 1381 2360 lacu-

303 2449 378 2489 nam
398 2449 437 2489 eo
460 2427 531 2490 loco
552 2437 731 2501 notaverat,
746 2447 809 2486 non
823 2436 931 2487 tamen
945 2428 1050 2506 potuit
1063 2427 1201 2507 explere.
1216 2428 1381 2488 Praeterea

303 2577 345 2616 ex
369 2556 467 2617 Libro
492 2576 579 2616 nono
603 2556 721 2615 omissa
743 2564 811 2615 erat
836 2554 896 2634 Ep.
924 2553 970 2616 16.
996 2553 1040 2614 Et
1053 2555 1137 2633 ipsas
1150 2553 1217 2613 illas
1230 2553 1382 2633 epistulas

304 2702 367 2742 non
392 2701 464 2742 raro
489 2681 631 2742 laudavit
655 2680 822 2751 Rudaeus,
848 2679 970 2758 primus
994 2678 1092 2738 edidit
1118 2678 1232 2738 Aldus.

348 2807 498 2867 Budaeus
522 2807 651 2887 quidem
672 2806 702 2886 ¹)
728 2827 769 2866 ex
794 2805 942 2885 Epistula
966 2806 1041 2864 VIll
1069 2822 1121 2883 13,
1145 2821 1162 2882 3
1184 2803 1263 2864 haec
1283 2805 1382 2863 verba

303 2933 393 2994 affert
418 2933 570 3014 („Plinius
598 2933 695 3012 igitur
718 2932 759 2992 ad
783 2951 990 3010 psosocerum
1016 2931 1096 2991 libro
1118 2951 1202 2991 nono
1223 2927 1380 3011 episto''):

303 3060 440 3140 „Neque
471 3061 555 3120 enim
576 3060 737 3120 ardentius
761 3068 796 3118 tu
818 3067 1028 3138 pronepotes,
1053 3078 1152 3138 quam
1176 3078 1238 3136 ego
1262 3057 1378 3117 liberos

306 3187 412 3266 cupi0,
426 3187 543 3267 quibus
556 3187 665 3246 videor
678 3207 696 3246 a
710 3205 782 3245 meo
796 3195 917 3264 tuoque
929 3185 1028 3245 latere
1041 3204 1179 3264 pronum
1192 3184 1231 3244 ad
1245 3183 1383 3243 honores

305 3317 364 3376 iter
401 3324 433 3376 et
462 3315 571 3376 andita
595 3314 688 3375 latius
713 3313 842 3373 nomina
866 3322 897 3372 et
922 3332 985 3371 non
1009 3309 1132 3371 subitas
1156 3311 1311 3389 imagines
1336 3329 1383 3369 re-

307 3442 447 3502 licturus.
473 3441 655 3502 Nascantur
677 3440 774 3500 modo
793 3448 825 3500 et
844 3437 928 3499 hunc
949 3447 1095 3498 nostrum
1109 3436 1250 3496 dolorem
1265 3436 1384 3516 gaudio

307 3565 453 3627 mutent’'
468 3588 474 3640 ;
498 3568 615 3647 quibus
639 3566 718 3626 haec
742 3566 847 3626 addit:
862 3564 1007 3642 „Verum
1021 3562 1101 3623 haec
1113 3561 1247 3642 epistola
1260 3571 1292 3622 et
1305 3561 1384 3620 aliae

310 3712 372 3752 non
398 3712 520 3772 paucae
544 3693 574 3751 in
598 3691 761 3753 codicibus
785 3691 946 3771 impressis
967 3709 1030 3748 non
1051 3689 1218 3767 leguntur:
1233 3706 1291 3747 nos
1304 3687 1383 3746 inte·

305 3837 400 3896 grum
424 3816 521 3877 ferme
546 3817 678 3877 Plinium
705 3816 862 3877 habemus
887 3812 969 3876 etc.”
984 3811 1011 3896 ²)

313 3995 504 4003 -ι-ι

339 4114 357 4169 ¹)
384 4114 481 4160 Laudat
505 4114 621 4160 Budaeus
650 4113 781 4178 (quantum
808 4115 916 4176 reperire
943 4114 1023 4176 potui)
1053 4130 1082 4161 ex
1112 4114 1187 4160 Libro
1214 4111 1277 4158 Vlll
1304 4111 1378 4161 haec:

303 4195 342 4257 Ep
363 4206 399 4250 10,
410 4206 439 4254 3;
452 4205 488 4252 14,
499 4205 575 4252 2;14,
585 4206 626 4255 13;
638 4207 673 4253 14,
684 4206 711 4253 17
722 4212 727 4250 ;
739 4193 879 4252 14,24;csr.
888 4191 1184 4255 llarilyJourn.osl'lrilol
1201 4191 1384 4253 XVlllp‚103¹

339 4270 358 4334 ²)
387 4273 481 4321 rlnnot.
508 4273 540 4318 ad
568 4272 647 4318 l‘and.
674 4272 721 4318 Erl.
749 4271 811 4333 1516
830 4288 853 4333 p.
873 4283 912 4332 32.
932 4272 979 4321 lul.
1002 4272 1064 4334 1508
1076 4271 1122 4334 sul
1146 4284 1185 4332 33.
1205 4270 1242 4329 tsi
1261 4269 1385 4316 Schaerlel

300 4354 386 4400 locum
406 4358 473 4398 recte
493 4351 577 4398 attulit
596 4351 638 4400 cfr.
658 4365 722 4413 quae
740 4366 815 4413 supra
835 4351 866 4396 de
882 4350 970 4397 eodem
990 4351 1115 4412 diximus.)
