3114 5130
740 505 780 570 77

267 677 373 756 Pergit
396 688 504 740 autem
526 678 594 757 jam
618 680 662 739 sic
686 679 819 738 Plinius:

267 805 417 882 „Interim
443 806 473 865 in
498 806 550 882 iis,
564 807 618 886 qui
632 806 672 867 ad
686 826 738 866 me
751 815 917 886 tamquam
932 804 1101 867 Christiani
1114 804 1301 866 desereban-

221 941 289 1006 tur,
314 930 399 992 hunc
422 952 494 992 sum
519 942 648 994 secutus
673 933 816 993 modum.
830 933 1027 1011 Interrogavi
1040 932 1126 1012 ipsos
1138 952 1179 992 an
1192 943 1301 993 essent

221 1056 400 1119 Christiani.
434 1057 633 1120 Confitentes
665 1060 779 1120 iterum
810 1069 909 1140 atque
940 1060 1054 1120 iterum
1088 1060 1304 1139 interrogaui,¹

221 1185 410 1265 supplicium
436 1187 593 1247 minatus:
618 1196 863 1266 perseverantes¹
882 1186 954 1246 duci
974 1184 1063 1264 jussi.
1084 1185 1199 1264 Neque
1212 1185 1296 1245 enim

220 1311 426 1385 dubitabam,
459 1311 693 1392 qualecumque
725 1322 809 1372 esset
833 1312 919 1391 quod
943 1311 1133 1385 faterentur,
1159 1312 1299 1392 pertina-

219 1440 300 1500 ciam
326 1449 412 1500 certe
435 1449 467 1500 et
490 1439 697 1500 inflexibilem
722 1439 972 1500 obstinationem
996 1439 1113 1500 debere
1139 1436 1274 1519 puniri.’'

265 1565 327 1627 Hic
350 1575 436 1626 recte
460 1575 570 1627 monet
593 1566 716 1646 Dupuy
740 1565 912 1626 verborum
936 1566 1030 1640 „duci
1049 1563 1148 1645 jussi''
1170 1575 1297 1627 senten-

220 1693 297 1752 tiam
322 1692 453 1753 dubiam
480 1712 543 1752 non
569 1712 726 1771 essequa
750 1691 789 1751 de
814 1712 846 1752 re
870 1691 1051 1753 Haversaat
1072 1702 1104 1753 et
1124 1692 1297 1772 posthunc

221 1819 341 1898 Ussing
360 1815 387 1901 ¹)
419 1819 640 1899 disputarunt,
673 1839 747 1880 cum
778 1820 1025 1894 contenderent,
1051 1818 1207 1880 hocloco
1232 1840 1295 1879 non

220 1946 282 2022 „ad
306 1943 518 2026 supplicium”
544 1945 598 2006 sed
620 1947 743 2026 potius:
766 1946 828 2024 „ad
849 1945 999 2008 metalla'’
1013 1956 1068 2008 aut
1082 1947 1134 2024 „in
1147 1945 1295 2008 vincula''

220 2093 289 2133 esse
312 2074 517 2134 audiendum.

264 2200 337 2281 Qua
349 2201 479 2281 quidem
492 2201 523 2260 in
537 2221 570 2261 rc
581 2199 789 2262 vehementer
801 2222 856 2261 eos
870 2221 975 2262 erasse
988 2202 1148 2263 existimo.
1163 2202 1292 2263 Etenim

219 2346 293 2386 cum
325 2327 472 2406 proxime
504 2327 690 2388 antecedat:
716 2327 929 2408 „supplicium
955 2326 1116 2388 minatus'’
1140 2330 1210 2408 quis
1234 2328 1295 2389 hoc

221 2452 291 2513 loco
316 2473 379 2513 non
403 2453 487 2513 idem
512 2453 552 2513 ad
576 2453 669 2530 „duci
688 2451 789 2532 jussi’'
803 2454 933 2515 audiat?
947 2454 996 2515 lta
1008 2472 1140 2534 quoquo
1152 2455 1295 2536 plerique

218 2581 355 2641 editores
391 2578 442 2664 (ut
477 2580 601 2660 Doring
618 2581 647 2661 ²)
681 2600 738 2641 nec
769 2601 832 2641 non
864 2582 1064 2661 nuperrimos
1087 2579 1216 2665 Hardy)
1240 2584 1295 2662 qui

217 2717 250 2768 et
273 2706 373 2767 multa
397 2706 509 2766 similia
534 2726 576 2766 ex
600 2706 667 2767 aliis
691 2707 898 2787 scriptoribus
922 2708 1071 2787 exempla
1094 2707 1241 2775 afferunt.

262 2835 373 2896 Unum
407 2842 535 2894 tantum
570 2832 757 2894 Tertulliani
793 2833 898 2894 locum
929 2834 1123 2894 describam:
1157 2836 1293 2912 „Arrius

218 2961 404 3021 Antoninus
418 2958 446 3042 3)
471 2961 502 3020 in
527 2961 608 3020 Asia
632 2979 705 3020 cum
730 2970 976 3040 persequeretur
996 2962 1294 3042 instanter‚omnes

216 3086 296 3147 illius
319 3088 456 3148 civitatis
481 3086 652 3149 Christiani
677 3096 752 3148 ante
775 3087 914 3148 tribunal
939 3088 1005 3148 eius
1032 3108 1066 3148 se
1090 3109 1187 3149 manu
1212 3089 1294 3152 facta

217 3214 418 3293 obtulerunt,
428 3233 501 3274 cum
515 3213 565 3274 ille
576 3264 582 3287 ,
593 3212 707 3290 pansis
719 3212 796 3273 duci
803 3213 909 3291 jussis
921 3214 1048 3294 reliquis
1062 3216 1123 3276 ait:
1137 3214 1181 3293 „cl-
1194 3216 1291 3288 lirani,

217 3344 243 3402 ei
271 3340 372 3403 θέλετε
403 3337 604 3418 ἀποθνήσκειν
630 3342 793 3424 apiarum,
819 3347 834 3415 ἥ
860 3341 991 3424 βρόχους
1015 3341 1175 3424 system)
1202 3344 1292 3405 Haec

216 3470 346 3550 quidem
369 3470 530 3530 Puteanus
554 3469 727 3530 rectissime
752 3469 886 3529 monuit.

261 3594 324 3657 Sed
356 3616 435 3656 mox
466 3596 573 3657 studio
605 3597 753 3656 nimirum
784 3597 887 3675 magis
910 3617 1008 3676 quam
1032 3597 1154 3657 ratione
1177 3598 1293 3659 ductus

216 3724 399 3804 ingentibus
434 3724 538 3785 verbis
574 3732 725 3804 personat
756 3722 822 3783 fieri
855 3743 918 3783 non
951 3725 1093 3803 potuisse
1118 3733 1153 3784 ut
1176 3725 1292 3786 Plinius

215 3861 306 3912 tanta
329 3851 498 3912 atrocitate
522 3851 552 3909 in
577 3847 774 3911 Christianos
803 3849 955 3924 saeviret,
979 3850 1050 3930 qui,
1075 3870 1140 3930 quo
1164 3851 1293 3911 crimine

251 4061 269 4119 ¹)
288 4064 380 4124 Ussing
397 4064 422 4112 ll.
442 4080 464 4126 p,
484 4062 506 4112 6.

251 4141 271 4203 2)
289 4144 387 4204 During
405 4160 426 4192 a,
446 4143 469 4192 h.
487 4143 504 4192 l,
522 4143 595 4191 Toni.
614 4142 638 4188 ΙΙ
656 4159 680 4204 p.
699 4141 754 4203 382.

250 4220 269 4280 3)
288 4223 327 4268 De
345 4223 419 4268 Arrio
438 4222 570 4268 Antonino
588 4221 644 4267 vide
662 4220 836 4281 Wnddington
856 4218 1292 4282 FastesdesProvincesAsiatiques

214 4318 255 4364 ΡΙ)ι
277 4311 323 4363 154
340 4317 375 4363 lq·
394 4308 418 4346 el
436 4317 477 4363 l‘l'·
496 4313 545 4360 249
563 4317 599 4363 s‘l-

248 4377 269 4440 ⁴)
287 4378 390 4428 Tertull.
409 4378 442 4425 ad
460 4378 559 4442 Scapul.
578 4395 598 4427 c.
618 4389 639 4441 5.
