3114 5130
728 492 771 568 99

254 662 347 745 Quae
370 671 481 724 autem
504 672 698 743 sequuntur:
724 664 794 739 „Ita
814 673 922 724 tamen
943 661 1025 724 etc.''
1039 683 1075 724 ea
1089 662 1286 725 Tertulliano

211 790 340 851 minime
370 790 518 851 addenda
549 799 648 851 erant.
685 788 837 852 Sciebant
861 791 945 851 enim
968 789 1019 850 illa
1042 799 1149 851 aetate
1173 809 1287 849 omnes

210 915 426 978 Christianum
450 916 628 977 dummodo
648 917 695 978 dis
716 917 945 998 supplicasset,
966 918 1092 979 veniam
1105 917 1286 997 impetrare.

209 1043 274 1106 Sed
294 1053 422 1106 tantum
443 1044 552 1120 abest,
574 1054 609 1105 ut
632 1043 712 1106 haec
735 1045 765 1104 in
789 1043 917 1123 Trajaui
941 1044 1093 1124 rescripto
1117 1041 1199 1104 lecta
1224 1063 1287 1103 non

210 1192 280 1232 esse
311 1172 463 1252 Ussingio
494 1171 687 1246 concedam,
713 1181 749 1232 ut
771 1169 934 1251 affirmcn,
960 1191 997 1232 ea
1022 1171 1132 1250 utique
1155 1170 1287 1250 requiri,

211 1299 367 1379 siquidem
392 1299 432 1360 ad
452 1299 540 1359 Plinii
565 1299 847 1378 interrogationem
871 1299 1093 1378 quaestionem
1117 1298 1289 1358 commode

211 1428 404 1509 respondere
427 1427 563 1489 voluerit
586 1428 774 1508 Imperator.

257 1555 426 1618 Nuntiavit
449 1555 534 1615 enim
557 1553 675 1614 Plinius
698 1552 817 1615 multos
840 1562 911 1615 ture
931 1552 1138 1633 Imperatoris
1160 1552 1291 1632 imagini

208 1683 324 1749 ,oblato
356 1681 553 1746 Christianos
585 1701 619 1742 se
645 1679 714 1760 jam
741 1700 810 1740 esse
834 1680 1018 1760 negavisse,
1043 1689 1075 1741 et
1101 1680 1289 1740 nominatim

174 1866 176 1870 ,
212 1810 354 1890 quaerit:
378 1808 494 1887 „detur
517 1807 731 1888 paenitentiae
753 1808 847 1868 venia
869 1827 909 1867 an
935 1807 962 1867 ei
982 1807 1036 1887 qui
1056 1806 1290 1871 omninoChri-

213 1935 335 1996 stianus
368 1933 426 1996 suit
458 1934 578 1995 desisse
602 1954 664 1994 non
689 1932 823 2014 prosit.”
855 1933 959 2015 Quid,
984 1934 1009 1993 si
1034 1933 1191 2013 Trajauus
1216 1932 1291 1994 nihil

213 2062 444 2144 respondisset,
478 2061 535 2121 nisi
559 2060 639 2122 haec
664 2057 715 2144 (ut
739 2060 904 2122 contendit
928 2057 1063 2143 Ussing)
1087 2059 1291 2140 „Inquirendi

214 2211 278 2250 non
302 2200 394 2262 sunt,
419 2188 519 2251 oblati
538 2186 755 2269 puniantur’'?
780 2190 963 2269 Ignorasset
984 2208 1061 2248 sane
1073 2186 1189 2247 Plinius
1203 2186 1290 2266 quod

216 2317 357 2377 maxime
381 2325 560 2396 rogaverat,
585 2314 662 2395 quid
686 2314 722 2374 iis
745 2315 800 2395 qui
823 2334 857 2374 se
878 2313 1075 2376 Christianos
1095 2333 1291 2404 essenegas-

214 2452 285 2505 sent
306 2438 490 2524 (apostatis)
514 2451 598 2503 esset
618 2441 814 2522 faciendum,
836 2442 936 2501 immo
949 2461 1007 2501 suo
1015 2440 1086 2520 jure
1097 2439 1291 2501 contendere

214 2578 324 2650 posset
343 2569 532 2648 UssingiuS,
556 2568 644 2648 quod
663 2567 730 2629 aliis
749 2566 826 2629 locis
847 2587 960 2649 saepe,
974 2566 1030 2628 sed
1043 2566 1121 2628 salso
1134 2565 1289 2627 affirmat:

214 2695 342 2777 Trajani
365 2695 523 2776 rescriptis
547 2694 588 2755 nil
611 2694 765 2776 proficere
787 2694 934 2757 Plinium.

258 2821 318 2882 His
351 2822 483 2883 accedat
514 2822 734 2883 testimonium
766 2831 798 2883 et
826 2821 1000 2892 auctoritas
1024 2819 1056 2882 S.
1081 2820 1288 2900 Hieronymi,

213 2950 267 3030 qui
290 2950 321 3010 in
345 2949 477 3012 Eusebii
498 2947 649 3010 chronico
668 2949 784 3010 Latine
804 2949 928 3011 reddito
940 2948 1054 3010 eadem
1066 2948 1166 3009 verba
1178 2947 1289 3008 adlert²

214 3077 288 3137 Non
323 3087 433 3139 autem
468 3074 500 3138 S.
534 3077 769 3157 Hieronymum
802 3097 844 3138 ex
870 3057 1013 3138 Eusebio
1038 3085 1070 3137 et
1093 3074 1291 3137 Tertulliano

216 3204 303 3266 Plinii
326 3205 479 3285 epistulas
502 3204 664 3280 didicisse,
689 3204 872 3284 planissime
891 3205 959 3284 ipse
980 3202 1126 3264 affirmat.
1141 3201 1192 3264 Sic
1206 3202 1290 3262 enim

215 3331 339 3393 scribit:
371 3331 450 3409 „Ad
481 3350 579 3411 quam
613 3330 782 3412 (mentem)
814 3331 1028 3391 edomandam
1055 3330 1182 3391 cuidam
1205 3328 1291 3399 fratri

216 3461 270 3541 qui
307 3481 349 3520 cx
380 3460 536 3521 Hebraeis
569 3459 763 3534 crediderat,
789 3459 893 3519 mein
918 3457 1116 3538 disciplinam
1140 3456 1229 3533 dedi,
1257 3466 1292 3518 ut

216 3597 291 3668 post
314 3586 500 3669 Quintiliani
524 3587 689 3662 acumina,
716 3584 875 3647 Ciceronis
888 3583 1019 3659 fluvios,
1034 3584 1292 3663 gravitatemque

215 3715 388 3776 Frontonis
419 3724 450 3776 et
482 3712 645 3774 lenitatem
676 3709 793 3774 Plinii
824 3711 1033 3793 alphabetum
1063 3708 1290 3795 (Hebraicum)

215 3843 385 3917 discerem,
410 3850 443 3903 et
466 3839 630 3902 stridentia
653 3837 899 3919 anhelantiaque
922 3837 1020 3899 verba
1041 3834 1242 3899 meditarer.'’
1262 3837 1290 3918 ¹)

222 4021 412 4032 ..ὲ-...ωα-

214 4129 362 4180 Teitulliaui
387 4131 479 4194 scripta
506 4130 570 4177 bene
596 4129 708 4190 novisse,
727 4123 861 4191 epistulam
879 4126 944 4174 hauc
962 4119 1086 4182 tinxisset,
1104 4133 1220 4173 accurate
1237 4140 1293 4188 pro·

214 4212 280 4258 fecto
307 4210 456 4257 TertullIani
481 4209 565 4256 locum
593 4207 769 4270 exscripsisset.
796 4206 853 4269 Ipsa
879 4205 954 4266 igitur
977 4205 1002 4250 in
1021 4204 1103 4251 verbis
1120 4204 1250 4251 diversitas
1268 4204 1292 4250 iu

215 4293 288 4338 rebus
305 4290 435 4338 consensio
454 4305 547 4336 novum
566 4290 686 4342 αὐθεντὶας
704 4292 879 4346 argumentum
897 4284 998 4348 reliquis
1016 4283 1127 4332 accedat.

253 4375 274 4432 ¹)
293 4371 398 4420 Hieron.
417 4370 463 4432 Ep.
485 4378 529 4430 ¹²5
548 4367 590 4417 cli.
608 4365 696 4413 Variot
714 4365 740 4415 lt.
758 4382 781 4427 p.
804 4377 856 4424 142.
