3114 5130
758 475 797 552 58

239 658 367 739 qualem
405 660 535 722 tandem
570 662 674 721 virum
710 659 871 722 falsarium
903 659 989 721 illum
1023 658 1119 721 luisse
1150 656 1320 740 Ussingius

237 785 296 845 sibi
343 768 544 866 persuaserit.
588 788 725 868 Antiqui
772 789 856 848 enim
900 787 978 867 juris
1025 787 1195 866 omnisque
1240 785 1321 846 illius

238 914 353 974 aetatis
385 913 497 974 indolis
528 928 561 976 et
591 915 830 976 consuetudinis
862 916 938 976 satis
966 915 1104 995 peritum
1128 933 1202 975 eum
1226 913 1320 973 luisse

239 1041 295 1100 vix
324 1041 495 1121 quisquam
519 1042 699 1121 negaverit,
724 1042 778 1122 qui
802 1061 956 1122 responsa
981 1040 1031 1102 illa
1054 1040 1222 1120 diligenter
1245 1059 1319 1119 per·

240 1165 400 1246 penderit;
422 1177 534 1229 contra
553 1188 630 1228 vero
651 1178 717 1229 tam
739 1168 873 1229 stultum
894 1177 926 1229 et
945 1168 1110 1248 stupidum
1131 1188 1205 1228 eum
1225 1165 1320 1227 luisse

238 1294 403 1356 contendit
421 1292 541 1374 Ussing
554 1304 589 1357 ut
602 1315 642 1355 ne
654 1294 800 1355 facillima
812 1295 942 1375 quidem
957 1293 1152 1356 intellexisse
1164 1292 1319 1353 videatur.

239 1419 324 1480 Nam
349 1441 386 1481 ea
410 1421 479 1500 ipsa
501 1440 585 1502 quae
609 1419 670 1481 hoc
694 1421 764 1482 loco
788 1420 897 1482 attulit
923 1418 1043 1501 Ussing
1064 1441 1128 1481 non
1148 1441 1225 1481 sane
1245 1430 1320 1482 sunt

240 1547 401 1610 intellectu
430 1549 607 1609 admodum
630 1547 783 1624 difficilia3
812 1548 890 1609 haec
910 1549 1006 1629 igitur
1024 1549 1049 1608 si
1070 1568 1134 1608 non
1152 1531 1318 1624 intellexit,

240 1675 286 1735 vir
309 1674 485 1748 litteratuS,
510 1696 565 1736 seu
591 1675 782 1738 inlitteratus
805 1677 930 1756 potiu5‚
956 1674 1005 1736 ille
1024 1675 1167 1756 quisquis
1187 1675 1318 1737 tandem

221 1799 314 1876 luit,
347 1801 432 1862 unde
463 1803 493 1862 in
526 1803 639 1863 ceteris
666 1812 791 1864 tantam
814 1803 980 1864 scientiam
1004 1801 1111 1863 hausit
1121 1823 1128 1878 ;
1153 1801 1319 1882 quomodo

241 1937 273 1989 et
296 1929 326 1988 in
353 1929 509 1989 scribendi
532 1930 655 1990 ratione
678 1931 722 1991 ita
742 1930 801 1991 sibi
821 1938 968 1991 constare
988 1929 1095 2010 potuit
1116 1938 1151 1990 ut
1169 1929 1320 1990 omnibus
1350 1920 1352 1924 ⁸

241 2055 314 2138 viris
345 2054 448 2117 doctis
479 2075 632 2136 responsa
663 2055 713 2117 illa
745 2056 787 2117 ab
816 2057 931 2118 eodem
955 2066 1087 2118 auctore
1110 2056 1227 2136 scripta
1250 2077 1320 2116 esse

242 2181 430 2243 videantur?
461 2180 546 2243 Sane
576 2182 751 2245 ostendunt
782 2181 861 2245 haec
888 2184 996 2244 omnia
1021 2204 1103 2264 quae
1128 2182 1233 2244 adhuc
1257 2183 1320 2244 dis-

242 2309 364 2389 putavi,
378 2310 566 2390 gravissima
578 2310 629 2371 illa
643 2288 725 2391 quae
738 2311 796 2372 sibi
809 2309 979 2373 videbatur
991 2309 1136 2371 attulisse
1149 2310 1319 2390 Ussingius

243 2437 323 2497 tanti
346 2437 494 2517 ponderis
518 2457 582 2498 non
606 2457 684 2498 esse.

287 2562 350 2624 Sed
369 2563 437 2643 jam
456 2563 548 2624 nimis
563 2564 616 2625 diu
629 2564 773 2644 legentes
786 2565 815 2624 in
829 2564 931 2644 primo
945 2564 1211 2644 Ussingianorum
1224 2583 1319 2644 argu·

242 2700 423 2752 mentorum
447 2691 551 2771 capite
574 2691 702 2752 detinui.
729 2691 936 2772 Quamquam
956 2691 1040 2752 enim
1062 2691 1192 2756 minime
1212 2691 1319 2752 onmia

240 2817 417 2893 confutavi,
455 2838 497 2878 ex
531 2818 644 2879 adlatis
679 2827 786 2879 tamen
818 2817 974 2897 exemplis
998 2817 1138 2898 Ussingii
1156 2816 1318 2897 judicandi

240 2945 321 3006 ratio
345 2947 422 3007 satis
445 2946 569 3007 videtur
592 2967 687 3026 posse
711 2943 854 3026 perspici.
876 2944 1100 3024 Praejudicatis
1120 2946 1205 3006 enim
1217 2946 1318 3026 opini-

241 3071 357 3132 onibus
386 3072 522 3148 ductuS,
554 3073 600 3132 vir
629 3071 679 3133 ille
709 3072 894 3152 ceteroquin
926 3071 1128 3133 doctissimus
1160 3072 1262 3132 nodos
1285 3080 1317 3133 et

241 3198 407 3279 scrupulos
431 3218 494 3259 non
519 3197 646 3259 oblatos
669 3199 808 3281 invenit,
823 3198 878 3259 sed
900 3197 982 3258 ultro
994 3198 1168 3279 quaesivit,
1183 3207 1215 3260 et
1226 3198 1317 3278 quid-

241 3327 317 3408 quid
341 3326 400 3387 sibi
424 3326 527 3406 primo
547 3336 679 3407 aspectu
700 3347 764 3387 non
784 3324 966 3405 intellegere
985 3324 1169 3400 videbatur,
1191 3324 1221 3385 id
1242 3345 1319 3386 con-

241 3453 330 3516 tinuo
354 3463 521 3533 tamquam
546 3453 690 3533 spurium
714 3452 889 3519 damnavit.

283 3580 366 3643 Cum
386 3601 462 3641 vero
484 3578 558 3640 nihil
577 3580 754 3661 quidquam
774 3579 902 3655 afferat,
924 3578 1011 3659 quod
1032 3577 1159 3658 Trajani
1176 3577 1317 3660 epistulis

239 3718 349 3789 aperte
369 3717 544 3787 repugnet,
564 3707 641 3788 quid
661 3717 709 3769 est
728 3707 831 3788 quod,
853 3706 985 3787 argutiis
1005 3706 1071 3767 eius
1089 3724 1208 3784 magno
1221 3724 1317 3785 opere

240 3833 524 3894 commoveamur?

285 3962 353 4021 lam
385 3959 520 4022 alterum
548 3968 812 4039 argumentorum
837 3967 935 4040 caput
958 3959 1068 4039 paucis
1091 3957 1315 4037 expediamuS,

240 4087 328 4169 quod
363 4108 405 4147 ex
440 4088 509 4167 ipso
544 4086 700 4148 scribendi
734 4106 851 4166 genere
886 4086 1022 4166 petitum
1058 4106 1127 4145 esse
1165 4084 1315 4144 diximus.

242 4215 338 4296 Quod
370 4215 526 4276 scribendi
557 4234 660 4294 genus
683 4223 751 4275 tam
775 4212 948 4274 barbarum
971 4221 1003 4273 et
1026 4209 1223 4272 intolerabile
1246 4230 1316 4270 esse
1380 4233 1382 4238 ¹

242 4343 422 4419 contendit,
455 4352 489 4404 ut
515 4362 554 4402 eo
577 4343 755 4422 Imperator
776 4338 950 4421 TrajanuS,
975 4358 1072 4421 quem
1095 4357 1155 4398 suo
1173 4335 1244 4418 jure
1267 4335 1316 4398 lit-
