3114 5130
816 469 833 512 2

283 639 392 703 Sertim
423 641 550 701 saeculo
582 642 638 701 viri
669 641 754 702 docti
786 642 826 701 de
855 662 892 702 ea
921 661 953 701 re
978 642 1170 722 scripserunt
1194 641 1361 720 diligenter

284 769 314 828 in
340 787 439 827 unum
464 766 600 840 contuli,
623 776 657 828 ut
678 768 869 828 examinatis
887 787 924 828 ae
938 768 1102 847 perpensis
1115 767 1265 827 omnibus
1277 786 1361 846 quae

286 895 445 973 utrimque
465 893 566 954 afferri
586 904 734 974 possent,
748 894 824 974 quid
837 913 948 954 verum
960 943 967 973 ,
981 893 1057 972 quid
1071 892 1185 953 falsum
1199 893 1360 954 videretur

285 1021 496 1082 ostenderem.

332 1149 506 1229 Principem
539 1147 607 1208 libri
632 1147 671 1207 de
696 1168 761 1228 quo
784 1147 1019 1227 disputabimus
1043 1146 1215 1207 editionem
1238 1146 1361 1226 paravit

286 1276 448 1336 Avantius
477 1295 561 1334 anno
598 1287 696 1350 1502,
729 1274 783 1353 qui
815 1293 885 1333 eam
914 1294 955 1335 ex
979 1272 1168 1353 apographo
1192 1293 1307 1334 manco
1331 1283 1363 1334 et

285 1401 462 1480 depravato
484 1401 570 1479 typis
589 1401 764 1480 expressit,
785 1399 873 1479 quod
893 1421 927 1459 se
947 1399 1030 1459 Petri
1047 1400 1183 1460 Leandri
1196 1400 1361 1461 cuiusdam

285 1528 439 1588 industria
471 1548 488 1586 e
519 1526 620 1588 Gallia
651 1528 810 1608 accepisse
837 1526 1017 1607 profitetur.
1053 1526 1107 1588 Ex
1131 1527 1273 1607 epistulis
1303 1544 1357 1587 121

286 1652 398 1737 (124),
424 1674 507 1734 quae
534 1655 564 1714 in
588 1654 747 1715 hodiernis
772 1655 963 1715 editionibus
987 1655 1152 1733 leguntur,
1177 1672 1220 1731 40
1244 1656 1363 1736 priores

287 1780 401 1841 librarii
425 1780 543 1841 incuria
567 1782 704 1841 omissae
724 1791 829 1852 erant,
853 1790 901 1855 et,
924 1800 996 1841 cum
1017 1781 1103 1841 solae
1118 1779 1209 1841 Plinii
1222 1780 1361 1855 litterae,

288 1928 350 1967 non
382 1927 458 1968 vero
493 1907 620 1986 Trajani
656 1909 808 1988 rescripta
844 1908 908 1967 suis
943 1907 1041 1969 titulis
1075 1907 1362 1986 distinguerentur,

285 2033 329 2109 40
353 2043 480 2094 tantum
501 2033 655 2113 epistulae
676 2033 936 2094 numerabantur.
962 2033 1070 2114 Quare
1090 2045 1121 2094 et
1134 2035 1236 2095 editor
1247 2035 1361 2096 librum

287 2160 460 2239 inscripsit:
493 2154 546 2235 „C
570 2155 684 2219 Plinii
714 2157 862 2218 lmzioris
892 2159 938 2218 ad
963 2157 1143 2220 'linianum
1168 2159 1297 2237 epistole
1319 2163 1363 2237 46

287 2294 389 2363 nuper
414 2293 536 2363 reperte
560 2305 632 2345 cuin
657 2283 797 2345 eiusdem
824 2284 1016 2365 responsir.’'
1038 2285 1065 2369 ¹)

333 2409 440 2473 Secuti
463 2421 538 2472 sunt
562 2411 657 2493 paulo
682 2422 755 2492 post
780 2410 859 2472 Phil.
886 2412 1061 2473 Beroaldus
1085 2413 1202 2497 (1502)
1224 2424 1255 2476 et
1269 2413 1365 2476 Cata-

289 2559 386 2599 naeus
421 2535 536 2621 (1506)
570 2540 624 2618 qui
659 2539 788 2598 easdem
824 2540 955 2598 omnino
994 2539 1145 2619 epistulas
1181 2541 1363 2620 ediderunt,

289 2665 374 2726 nullo
399 2665 528 2726 meliore
552 2666 601 2726 vel
625 2665 733 2726 codice
757 2664 805 2724 vel
827 2663 1016 2745 apographo
1031 2666 1094 2738 usi,
1109 2665 1224 2728 additis
1237 2677 1363 2728 tantum

288 2792 351 2850 suis
375 2791 574 2871 aliorumque
598 2791 787 2870 conjecturis
810 2801 842 2851 et
866 2791 1152 2852 emendationibus.

333 2918 497 2996 [ntegrum
530 2936 623 2991 vero,
655 2917 783 2997 qualem
812 2916 906 2978 hodie
931 2917 1105 2987 habemus,
1130 2919 1245 2980 librum
1270 2921 1366 2981 edidit

290 3063 472 3122 novemque
491 3043 558 3103 aliis
579 3043 666 3103 Plinii
683 3044 767 3104 libris
780 3055 947 3124 tamquam
960 3045 1120 3106 decimum
1133 3046 1247 3126 adjecit
1260 3047 1367 3108 Aldus

291 3171 454 3231 Manutius
482 3171 625 3231 Venetiis
654 3172 746 3246 1508.
787 3171 816 3231 Is
840 3172 961 3250 primus
984 3189 1028 3248 40
1052 3173 1172 3253 priores
1195 3173 1364 3253 epistulas,

290 3297 332 3358 ab
356 3297 422 3357 aliis
447 3297 597 3370 omissas,
623 3297 748 3377 reliquis
772 3296 935 3376 adjunxit,
960 3297 1069 3358 codice
1094 3319 1169 3359 usus
1188 3337 1231 3344 —
1253 3310 1287 3361 ut
1300 3301 1366 3380 ipse

290 3434 428 3485 testatur
451 3460 493 3467 -
518 3424 736 3503 manuscripto
760 3423 883 3483 Parisiis
907 3445 925 3485 a
946 3424 1092 3503 Jueundo
1115 3425 1293 3486 Veronensi
1316 3426 1365 3485 in·

290 3561 405 3625 vento,
440 3551 582 3630 itemque
613 3549 754 3610 eiusdem
786 3549 902 3610 codicis
934 3547 1140 3629 apographo,
1170 3550 1257 3629 quod
1282 3550 1364 3610 idem

290 3677 454 3759 Jucundus
478 3675 665 3737 confecerat.
688 3673 718 3759 2)

297 3845 486 3855 —.——-

328 3941 345 4002 ¹)
367 3943 404 3988 lle
428 3941 466 3987 lris
492 3941 609 3987 omnibus
629 3940 684 3986 ride
702 3941 734 3985 sis
755 3939 810 3985 Keil
831 3939 855 3984 in
874 3939 1028 4001 praelatione
1046 3940 1163 3986 editionis
1181 3939 1281 3995 maioris
1300 3937 1366 4000 lips,

292 4022 416 4069 Teubner.
447 4017 509 4080 1870
527 4027 550 4066 et
572 4020 599 4067 1⁴2,
619 4020 649 4067 (i.
671 4018 758 4079 llardy
778 4018 801 4064 in
821 4017 931 4064 editione
950 4019 1119 4080 Epistularum
1137 4027 1276 4064 mutuarum
1294 4017 1367 4062 Plinii

292 4108 316 4146 et
335 4099 444 4160 'l'rajani
465 4098 647 4144 lntnuluetion.
667 4115 689 4160 p¹
709 4096 814 4159 65—75,
835 4097 955 4154 (londini
975 4098 1031 4143 ‚llae
1051 4097 1139 4144 llillan
1158 4102 1179 4143 ἃ
1198 4098 1242 4145 (1¹¹.
1266 4095 1348 4156 1889).

328 4176 349 4238 ²)
368 4178 454 4224 Codex
481 4177 522 4223 ille
550 4177 674 4223 Parisinus
701 4184 840 4237 temporum
868 4176 956 4236 injuria
983 4177 1086 4222 amissus
1113 4176 1235 4222 necdum
1258 4184 1369 4237 repertus

292 4264 336 4304 est.
355 4256 383 4302 ln
403 4256 457 4301 aliis
472 4255 546 4302 Plinii
562 4255 631 4301 libris
648 4254 822 4316 manuscriptis
838 4255 965 4316 Epistulae
982 4256 1013 4301 ad
1029 4256 1166 4317 'l'rajanum
1183 4270 1233 4301 uon
1243 4255 1371 4316 leguntur.

292 4335 331 4381 De
349 4333 495 4396 apographo
520 4333 656 4379 Bodleiano
675 4332 737 4378 inira
756 4332 882 4393 agendum
901 4333 955 4383 erit.
