3114 5130
726 496 784 559 123

266 664 362 746 Quod
390 685 428 725 eo
457 665 559 744 magis
583 665 827 727 admirationem
852 677 977 741 movet,
1002 668 1090 748 quod
1114 668 1214 729 tribus
1238 668 1295 729 illis

220 793 295 853 locis
330 792 483 855 Catarraei
514 791 607 853 tectio
639 792 706 853 aliis
739 814 802 854 nou
835 793 972 855 deterior
995 795 1124 875 quidem
1148 804 1214 868 est,
1240 794 1294 855 sed

221 939 325 999 neque
355 928 513 999 praestat:
537 917 576 978 T.
603 919 645 979 86
669 919 704 980 B.
730 939 806 980 vero
832 939 874 980 ex
898 919 1031 982 Catanei
1055 920 1193 982 editione
1217 940 1294 980 sana

221 1047 378 1107 sententia
404 1046 486 1108 ultro
510 1057 660 1128 apparet,
684 1067 727 1108 ex
750 1047 817 1109 aliis
841 1047 1063 1108 molestissima
1088 1047 1210 1108 lacuna.

266 1172 319 1234 Ex
344 1173 492 1235 omnibus
516 1172 601 1235 hisce
626 1194 698 1235 meo
717 1174 788 1254 jure
812 1173 887 1235 mihi
911 1173 990 1236 haec
1010 1174 1157 1254 colligere
1169 1175 1294 1235 videor:

271 1303 310 1361 1⁰.
335 1300 522 1362 Lectionem
542 1300 627 1361 iliam
648 1302 686 1361 T.
713 1300 755 1361 86
779 1302 814 1362 B.
840 1321 961 1363 meram
986 1302 1202 1381 conjecturam
1227 1321 1297 1362 esse

222 1428 391 1499 Catanaei‚
417 1429 537 1508 quippe
560 1448 657 1508 quam
683 1438 749 1488 tam
775 1428 853 1489 facili
879 1429 1009 1508 negotio
1030 1429 1186 1508 rejecerit:
1208 1429 1296 1508 quod

221 1555 351 1635 quidem
377 1574 414 1614 ca
438 1574 522 1633 quae
545 1574 640 1633 supra
664 1555 704 1614 de
728 1554 840 1615 eadem
862 1576 895 1615 re
907 1556 1067 1636 disputavi
1082 1556 1209 1635 egregie
1221 1575 1296 1617 con-

222 1680 338 1742 firmat.

267 1803 311 1867 2⁰.
347 1805 465 1866 Tribus
499 1825 576 1866 vem
611 1804 694 1879 aliia,
716 1826 799 1885 quos
821 1806 912 1868 attuli
938 1805 1031 1877 locis,
1056 1805 1142 1868 haud
1165 1809 1230 1869 scio
1254 1828 1316 1869 ani

222 1931 404 1994 Catanaeus
427 1931 544 1992 codicis
567 1931 710 1992 lectionis
733 1933 895 2012 receperit.

224 2053 226 2057 ’
267 2060 339 2138 lpse
372 2068 457 2120 certe
491 2058 689 2120 Catanaeus:
723 2058 975 2135 „eiaborandum
1006 2058 1079 2130 fuit,
1113 2060 1231 2139 inquit,
1260 2070 1295 2122 ut

224 2183 328 2243 inulla
361 2204 435 2244 cum
470 2186 631 2264 impressis
664 2192 790 2242 vetusta
825 2185 1020 2264 exemplaria
1050 2182 1295 2246 corderremuS.’'

222 2311 347 2393 Quibus
371 2310 475 2370 verbis
499 2310 558 2370 etsi
582 2308 687 2369 Keiliu
708 2304 734 2391 ¹)
758 2309 799 2368 de
818 2310 1130 2390 veritatesuspecti5‚
1145 2311 1294 2391 equidem

221 2457 294 2498 cum
319 2434 468 2515 exempla
488 2454 583 2514 supra
596 2434 691 2495 allata
704 2436 870 2515 respiciam
884 2435 978 2504 fidem
993 2437 1152 2515 denegare
1165 2438 1295 2498 minime

222 2565 334 2625 ausim.

259 2786 278 2850 ¹)
298 2788 353 2834 recu
374 2787 399 2837 u,
417 2804 441 2849 p.
460 2786 529 2833 mu.
