<?xml version="1.0" encoding="UTF-8"?>
<!DOCTYPE html PUBLIC "-//W3C//DTD XHTML 1.0 Transitional//EN"
    "http://www.w3.org/TR/xhtml1/DTD/xhtml1-transitional.dtd">
<html xmlns="http://www.w3.org/1999/xhtml" xml:lang="en" lang="en">
 <head>
  <title>
</title>
<meta http-equiv="Content-Type" content="text/html;charset=utf-8" />
  <meta name='ocr-system' content='tesseract 3.04.00' />
  <meta name='ocr-capabilities' content='ocr_page ocr_carea ocr_par ocr_line ocrx_word'/>
</head>
<body>
  <div class='ocr_page' id='page_1' title='image "./decpliniicaecil00plingoog_0118.png"; bbox 0 0 3114 5130; ppageno 0'>
   <div class='ocr_carea' id='block_1_1' title="bbox 731 475 789 539">
    <p class='ocr_par' dir='ltr' id='par_1_1' title="bbox 731 475 789 539">
     <span class='ocr_line' id='line_1_1' title="bbox 731 475 789 539; baseline 0.069 -18"><span class='ocrx_word' id='word_1_1' title='bbox 731 475 789 539; x_wconf 85' lang='lat'>105</span> 
     </span>
    </p>
   </div>
   <div class='ocr_carea' id='block_1_2' title="bbox 137 649 1298 2890">
    <p class='ocr_par' dir='ltr' id='par_1_2' title="bbox 137 649 1298 2890">
     <span class='ocr_line' id='line_1_2' title="bbox 219 649 1294 734; baseline -0.004 -21"><span class='ocrx_word' id='word_1_2' title='bbox 219 672 297 713; x_wconf 91' lang='lat' dir='ltr'>mox</span> <span class='ocrx_word' id='word_1_3' title='bbox 328 653 601 733; x_wconf 73' lang='lat' dir='ltr'><strong>impugnabimus,</strong></span> <span class='ocrx_word' id='word_1_4' title='bbox 633 652 817 715; x_wconf 82' lang='lat' dir='ltr'><strong>Fatendum</strong></span> <span class='ocrx_word' id='word_1_5' title='bbox 849 660 958 714; x_wconf 91' lang='lat' dir='ltr'>tamen</span> <span class='ocrx_word' id='word_1_6' title='bbox 990 650 1052 713; x_wconf 93' lang='lat' dir='ltr'>hoc</span> <span class='ocrx_word' id='word_1_7' title='bbox 1081 649 1294 734; x_wconf 80' lang='lat' dir='ltr'>(Tertulliani)</span> 
     </span>
     <span class='ocr_line' id='line_1_3' title="bbox 218 776 1296 858; baseline -0.002 -20"><span class='ocrx_word' id='word_1_8' title='bbox 218 778 369 840; x_wconf 83' lang='lat' dir='ltr'>dilemma</span> <span class='ocrx_word' id='word_1_9' title='bbox 393 789 459 841; x_wconf 88' lang='lat' dir='ltr'>tam</span> <span class='ocrx_word' id='word_1_10' title='bbox 484 778 612 841; x_wconf 86' lang='lat' dir='ltr'>firmum</span> <span class='ocrx_word' id='word_1_11' title='bbox 638 799 701 839; x_wconf 94' lang='lat' dir='ltr'>non</span> <span class='ocrx_word' id='word_1_12' title='bbox 726 799 813 853; x_wconf 89' lang='lat' dir='ltr'>esse,</span> <span class='ocrx_word' id='word_1_13' title='bbox 837 798 935 858; x_wconf 92' lang='lat' dir='ltr'>quam</span> <span class='ocrx_word' id='word_1_14' title='bbox 961 779 1063 858; x_wconf 91' lang='lat' dir='ltr'>prima</span> <span class='ocrx_word' id='word_1_15' title='bbox 1088 778 1166 838; x_wconf 83' lang='lat' dir='ltr'>facie</span> <span class='ocrx_word' id='word_1_16' title='bbox 1189 776 1296 837; x_wconf 91' lang='lat' dir='ltr'>videa-</span> 
     </span>
     <span class='ocr_line' id='line_1_4' title="bbox 217 904 1296 987; baseline -0.003 -20"><span class='ocrx_word' id='word_1_17' title='bbox 217 917 356 969; x_wconf 87' lang='lat' dir='ltr'>tur....</span> <span class='ocrx_word' id='word_1_18' title='bbox 392 906 461 968; x_wconf 88' lang='lat' dir='ltr'>Nec</span> <span class='ocrx_word' id='word_1_19' title='bbox 492 907 576 967; x_wconf 84' lang='lat' dir='ltr'>enirn</span> <span class='ocrx_word' id='word_1_20' title='bbox 608 926 665 987; x_wconf 89' lang='lat' dir='ltr'>par</span> <span class='ocrx_word' id='word_1_21' title='bbox 688 906 770 968; x_wconf 90' lang='lat' dir='ltr'>ratio</span> <span class='ocrx_word' id='word_1_22' title='bbox 794 906 932 967; x_wconf 90' lang='lat' dir='ltr'>cuiusvis</span> <span class='ocrx_word' id='word_1_23' title='bbox 956 906 1102 967; x_wconf 89' lang='lat' dir='ltr'>criminis.</span> <span class='ocrx_word' id='word_1_24' title='bbox 1135 904 1213 980; x_wconf 79' lang='lat' dir='ltr'>Est,</span> <span class='ocrx_word' id='word_1_25' title='bbox 1242 904 1296 965; x_wconf 87' lang='lat' dir='ltr'>ubi</span> 
     </span>
     <span class='ocr_line' id='line_1_5' title="bbox 218 1032 1297 1115; baseline -0.003 -22"><span class='ocrx_word' id='word_1_26' title='bbox 218 1036 321 1115; x_wconf 89' lang='lat' dir='ltr'>possis</span> <span class='ocrx_word' id='word_1_27' title='bbox 352 1034 539 1109; x_wconf 77' lang='lat' dir='ltr'>connivere,</span> <span class='ocrx_word' id='word_1_28' title='bbox 571 1032 725 1114; x_wconf 83' lang='lat' dir='ltr'>quamdiu</span> <span class='ocrx_word' id='word_1_29' title='bbox 749 1033 868 1094; x_wconf 86' lang='lat' dir='ltr'>crimen</span> <span class='ocrx_word' id='word_1_30' title='bbox 894 1052 957 1092; x_wconf 92' lang='lat' dir='ltr'>non</span> <span class='ocrx_word' id='word_1_31' title='bbox 982 1040 1031 1093; x_wconf 90' lang='lat' dir='ltr'>est</span> <span class='ocrx_word' id='word_1_32' title='bbox 1055 1039 1223 1112; x_wconf 88' lang='lat' dir='ltr'>apertum;</span> <span class='ocrx_word' id='word_1_33' title='bbox 1247 1038 1297 1091; x_wconf 89' lang='lat' dir='ltr'>est</span> 
     </span>
     <span class='ocr_line' id='line_1_6' title="bbox 219 1149 1295 1241; baseline -0.004 -20"><span class='ocrx_word' id='word_1_34' title='bbox 219 1161 272 1222; x_wconf 92' lang='lat' dir='ltr'>ubi</span> <span class='ocrx_word' id='word_1_35' title='bbox 294 1181 356 1221; x_wconf 92' lang='lat' dir='ltr'>non</span> <span class='ocrx_word' id='word_1_36' title='bbox 380 1160 501 1241; x_wconf 90' lang='lat' dir='ltr'>possis.</span> <span class='ocrx_word' id='word_1_37' title='bbox 519 1205 568 1222; x_wconf 86' lang='lat'>...</span> <span class='ocrx_word' id='word_1_38' title='bbox 594 1160 640 1222; x_wconf 94' lang='lat' dir='ltr'>Ut</span> <span class='ocrx_word' id='word_1_39' title='bbox 667 1160 749 1222; x_wconf 91' lang='lat' dir='ltr'>inter</span> <span class='ocrx_word' id='word_1_40' title='bbox 771 1149 912 1221; x_wconf 91' lang='lat' dir='ltr'>duoilla</span> <span class='ocrx_word' id='word_1_41' title='bbox 935 1179 1000 1219; x_wconf 93' lang='lat' dir='ltr'>non</span> <span class='ocrx_word' id='word_1_42' title='bbox 1027 1159 1184 1240; x_wconf 85' lang='lat' dir='ltr'>inquirere</span> <span class='ocrx_word' id='word_1_43' title='bbox 1207 1157 1295 1238; x_wconf 92' lang='lat' dir='ltr'>quod</span> 
     </span>
     <span class='ocr_line' id='line_1_7' title="bbox 219 1283 1296 1368; baseline -0.005 -20"><span class='ocrx_word' id='word_1_44' title='bbox 219 1289 319 1350; x_wconf 90' lang='lat' dir='ltr'>nescis</span> <span class='ocrx_word' id='word_1_45' title='bbox 343 1298 375 1350; x_wconf 93' lang='lat' dir='ltr'>et</span> <span class='ocrx_word' id='word_1_46' title='bbox 395 1287 507 1368; x_wconf 88' lang='lat' dir='ltr'>punire</span> <span class='ocrx_word' id='word_1_47' title='bbox 529 1286 619 1368; x_wconf 91' lang='lat' dir='ltr'>quod</span> <span class='ocrx_word' id='word_1_48' title='bbox 642 1287 718 1361; x_wconf 92' lang='lat' dir='ltr'>scis,</span> <span class='ocrx_word' id='word_1_49' title='bbox 744 1287 785 1348; x_wconf 91' lang='lat' dir='ltr'>sit</span> <span class='ocrx_word' id='word_1_50' title='bbox 804 1286 964 1347; x_wconf 91' lang='lat' dir='ltr'>medium:</span> <span class='ocrx_word' id='word_1_51' title='bbox 991 1285 1103 1365; x_wconf 92' lang='lat' dir='ltr'>punire</span> <span class='ocrx_word' id='word_1_52' title='bbox 1127 1283 1215 1364; x_wconf 92' lang='lat' dir='ltr'>quod</span> <span class='ocrx_word' id='word_1_53' title='bbox 1235 1283 1296 1344; x_wconf 91' lang='lat' dir='ltr'>scis</span> 
     </span>
     <span class='ocr_line' id='line_1_8' title="bbox 218 1411 1296 1496; baseline -0.007 -18"><span class='ocrx_word' id='word_1_54' title='bbox 218 1427 250 1478; x_wconf 93' lang='lat' dir='ltr'>et</span> <span class='ocrx_word' id='word_1_55' title='bbox 281 1416 369 1496; x_wconf 91' lang='lat' dir='ltr'>quod</span> <span class='ocrx_word' id='word_1_56' title='bbox 393 1415 472 1476; x_wconf 88' lang='lat' dir='ltr'>scire</span> <span class='ocrx_word' id='word_1_57' title='bbox 496 1423 528 1476; x_wconf 87' lang='lat' dir='ltr'>te</span> <span class='ocrx_word' id='word_1_58' title='bbox 551 1412 601 1475; x_wconf 92' lang='lat' dir='ltr'>alii</span> <span class='ocrx_word' id='word_1_59' title='bbox 626 1414 739 1476; x_wconf 89' lang='lat' dir='ltr'>sciunt.</span> <span class='ocrx_word' id='word_1_60' title='bbox 767 1412 853 1475; x_wconf 86' lang='lat' dir='ltr'>Sane</span> <span class='ocrx_word' id='word_1_61' title='bbox 876 1413 984 1493; x_wconf 86' lang='lat' dir='ltr'>dispar</span> <span class='ocrx_word' id='word_1_62' title='bbox 1008 1420 1057 1473; x_wconf 91' lang='lat' dir='ltr'>est</span> <span class='ocrx_word' id='word_1_63' title='bbox 1080 1411 1162 1472; x_wconf 88' lang='lat' dir='ltr'>ratio</span> <span class='ocrx_word' id='word_1_64' title='bbox 1186 1429 1296 1490; x_wconf 88' lang='lat' dir='ltr'>super-</span> 
     </span>
     <span class='ocr_line' id='line_1_9' title="bbox 219 1537 1296 1620; baseline -0.005 -18"><span class='ocrx_word' id='word_1_65' title='bbox 219 1543 332 1605; x_wconf 89' lang='lat' dir='ltr'>stitiosi</span> <span class='ocrx_word' id='word_1_66' title='bbox 352 1551 385 1605; x_wconf 89' lang='lat' dir='ltr'>et</span> <span class='ocrx_word' id='word_1_67' title='bbox 408 1541 584 1603; x_wconf 82' lang='lat' dir='ltr'>facinorosi.</span> <span class='ocrx_word' id='word_1_68' title='bbox 616 1541 780 1620; x_wconf 89' lang='lat' dir='ltr'>Utrosque</span> <span class='ocrx_word' id='word_1_69' title='bbox 804 1559 909 1620; x_wconf 92' lang='lat' dir='ltr'>poena</span> <span class='ocrx_word' id='word_1_70' title='bbox 931 1538 1047 1619; x_wconf 85' lang='lat' dir='ltr'>dignos</span> <span class='ocrx_word' id='word_1_71' title='bbox 1070 1538 1194 1600; x_wconf 89' lang='lat' dir='ltr'>censuit</span> <span class='ocrx_word' id='word_1_72' title='bbox 1217 1537 1296 1598; x_wconf 90' lang='lat' dir='ltr'>Tra-</span> 
     </span>
     <span class='ocr_line' id='line_1_10' title="bbox 216 1663 1293 1748; baseline -0.005 -19"><span class='ocrx_word' id='word_1_73' title='bbox 216 1669 325 1748; x_wconf 87' lang='lat' dir='ltr'>janus‚</span> <span class='ocrx_word' id='word_1_74' title='bbox 351 1668 408 1729; x_wconf 87' lang='lat' dir='ltr'>sed</span> <span class='ocrx_word' id='word_1_75' title='bbox 430 1667 562 1729; x_wconf 84' lang='lat' dir='ltr'>credidit</span> <span class='ocrx_word' id='word_1_76' title='bbox 586 1688 681 1748; x_wconf 91' lang='lat' dir='ltr'>posse</span> <span class='ocrx_word' id='word_1_77' title='bbox 704 1667 865 1728; x_wconf 85' lang='lat' dir='ltr'>conniveri</span> <span class='ocrx_word' id='word_1_78' title='bbox 889 1667 920 1727; x_wconf 93' lang='lat' dir='ltr'>in</span> <span class='ocrx_word' id='word_1_79' title='bbox 945 1666 997 1742; x_wconf 89' lang='lat' dir='ltr'>iis,</span> <span class='ocrx_word' id='word_1_80' title='bbox 1022 1665 1077 1746; x_wconf 91' lang='lat' dir='ltr'>qui</span> <span class='ocrx_word' id='word_1_81' title='bbox 1100 1663 1168 1725; x_wconf 90' lang='lat' dir='ltr'>sola</span> <span class='ocrx_word' id='word_1_82' title='bbox 1187 1684 1293 1744; x_wconf 91' lang='lat' dir='ltr'>super-</span> 
     </span>
     <span class='ocr_line' id='line_1_11' title="bbox 137 1791 1296 1873; baseline -0.002 -19"><span class='ocrx_word' id='word_1_83' title='bbox 137 1816 142 1823; x_wconf 88' lang='lat'><em>·</em></span> <span class='ocrx_word' id='word_1_84' title='bbox 218 1795 346 1855; x_wconf 90' lang='lat' dir='ltr'>stitione</span> <span class='ocrx_word' id='word_1_85' title='bbox 380 1793 542 1870; x_wconf 87' lang='lat' dir='ltr'>laborant,</span> <span class='ocrx_word' id='word_1_86' title='bbox 579 1812 642 1854; x_wconf 94' lang='lat' dir='ltr'>non</span> <span class='ocrx_word' id='word_1_87' title='bbox 672 1793 749 1855; x_wconf 90' lang='lat' dir='ltr'>item</span> <span class='ocrx_word' id='word_1_88' title='bbox 784 1813 879 1873; x_wconf 89' lang='lat' dir='ltr'>posse</span> <span class='ocrx_word' id='word_1_89' title='bbox 910 1793 941 1854; x_wconf 89' lang='lat' dir='ltr'>io</span> <span class='ocrx_word' id='word_1_90' title='bbox 973 1793 1164 1854; x_wconf 84' lang='lat' dir='ltr'>facinorosis</span> <span class='ocrx_word' id='word_1_91' title='bbox 1194 1791 1296 1872; x_wconf 80' lang='lat' dir='ltr'>Quia,</span> 
     </span>
     <span class='ocr_line' id='line_1_12' title="bbox 219 1918 1297 2001; baseline -0.001 -20"><span class='ocrx_word' id='word_1_92' title='bbox 219 1930 254 1981; x_wconf 91' lang='lat' dir='ltr'>ut</span> <span class='ocrx_word' id='word_1_93' title='bbox 291 1920 335 1981; x_wconf 90' lang='lat' dir='ltr'>ait</span> <span class='ocrx_word' id='word_1_94' title='bbox 369 1919 552 1981; x_wconf 89' lang='lat' dir='ltr'>Marcianus</span> <span class='ocrx_word' id='word_1_95' title='bbox 583 1918 846 2001; x_wconf 88' lang='lat' dir='ltr'>jurisconsultus,</span> <span class='ocrx_word' id='word_1_96' title='bbox 894 1920 1053 1981; x_wconf 89' lang='lat' dir='ltr'>mandatis</span> <span class='ocrx_word' id='word_1_97' title='bbox 1095 1928 1227 1981; x_wconf 90' lang='lat' dir='ltr'>cavetur</span> <span class='ocrx_word' id='word_1_98' title='bbox 1262 1927 1297 1980; x_wconf 89' lang='lat' dir='ltr'>ut</span> 
     </span>
     <span class='ocr_line' id='line_1_13' title="bbox 218 2045 1297 2128; baseline 0 -20"><span class='ocrx_word' id='word_1_99' title='bbox 218 2045 380 2127; x_wconf 87' lang='lat' dir='ltr'>praesides</span> <span class='ocrx_word' id='word_1_100' title='bbox 411 2046 600 2128; x_wconf 86' lang='lat' dir='ltr'>sacrilegos,</span> <span class='ocrx_word' id='word_1_101' title='bbox 632 2045 788 2122; x_wconf 53' lang='lat' dir='ltr'>latrones</span> <span class='ocrx_word' id='word_1_102' title='bbox 822 2045 993 2128; x_wconf 82' lang='lat' dir='ltr'>plagiarios</span> <span class='ocrx_word' id='word_1_103' title='bbox 1025 2047 1232 2128; x_wconf 87' lang='lat' dir='ltr'>conquirant,</span> <span class='ocrx_word' id='word_1_104' title='bbox 1265 2056 1297 2108; x_wconf 90' lang='lat' dir='ltr'>et</span> 
     </span>
     <span class='ocr_line' id='line_1_14' title="bbox 219 2172 1297 2255; baseline -0.001 -22"><span class='ocrx_word' id='word_1_105' title='bbox 219 2182 315 2252; x_wconf 90' lang='lat' dir='ltr'>prout</span> <span class='ocrx_word' id='word_1_106' title='bbox 349 2174 486 2255; x_wconf 88' lang='lat' dir='ltr'>quisque</span> <span class='ocrx_word' id='word_1_107' title='bbox 509 2174 677 2254; x_wconf 85' lang='lat' dir='ltr'>deliquerit</span> <span class='ocrx_word' id='word_1_108' title='bbox 699 2174 729 2235; x_wconf 93' lang='lat' dir='ltr'>in</span> <span class='ocrx_word' id='word_1_109' title='bbox 754 2193 828 2234; x_wconf 88' lang='lat' dir='ltr'>eum</span> <span class='ocrx_word' id='word_1_110' title='bbox 853 2173 1120 2235; x_wconf 87' lang='lat' dir='ltr'>animadvertant.</span> <span class='ocrx_word' id='word_1_111' title='bbox 1157 2172 1297 2253; x_wconf 85' lang='lat' dir='ltr'>Quicum</span> 
     </span>
     <span class='ocr_line' id='line_1_15' title="bbox 219 2298 1297 2381; baseline 0.001 -22"><span class='ocrx_word' id='word_1_112' title='bbox 219 2298 295 2361; x_wconf 93' lang='lat' dir='ltr'>illud</span> <span class='ocrx_word' id='word_1_113' title='bbox 325 2300 454 2381; x_wconf 90' lang='lat' dir='ltr'>Ulpiani</span> <span class='ocrx_word' id='word_1_114' title='bbox 485 2301 661 2362; x_wconf 89' lang='lat' dir='ltr'>consentit:</span> <span class='ocrx_word' id='word_1_115' title='bbox 696 2300 856 2364; x_wconf 90' lang='lat' dir='ltr'>Convenit</span> <span class='ocrx_word' id='word_1_116' title='bbox 880 2300 967 2361; x_wconf 91' lang='lat' dir='ltr'>bono</span> <span class='ocrx_word' id='word_1_117' title='bbox 991 2310 1024 2362; x_wconf 91' lang='lat' dir='ltr'>et</span> <span class='ocrx_word' id='word_1_118' title='bbox 1047 2301 1138 2380; x_wconf 85' lang='lat' dir='ltr'>gravi</span> <span class='ocrx_word' id='word_1_119' title='bbox 1161 2299 1297 2380; x_wconf 89' lang='lat' dir='ltr'>praesidi</span> 
     </span>
     <span class='ocr_line' id='line_1_16' title="bbox 219 2425 1298 2508; baseline 0.001 -20"><span class='ocrx_word' id='word_1_120' title='bbox 219 2447 330 2488; x_wconf 87' lang='lat' dir='ltr'>curare</span> <span class='ocrx_word' id='word_1_121' title='bbox 365 2437 401 2489; x_wconf 91' lang='lat' dir='ltr'>ut</span> <span class='ocrx_word' id='word_1_122' title='bbox 434 2436 550 2508; x_wconf 89' lang='lat' dir='ltr'>pacata</span> <span class='ocrx_word' id='word_1_123' title='bbox 584 2436 683 2508; x_wconf 88' lang='lat' dir='ltr'>atque</span> <span class='ocrx_word' id='word_1_124' title='bbox 716 2428 824 2508; x_wconf 90' lang='lat' dir='ltr'>quieta</span> <span class='ocrx_word' id='word_1_125' title='bbox 855 2427 1019 2508; x_wconf 89' lang='lat' dir='ltr'>provincia</span> <span class='ocrx_word' id='word_1_126' title='bbox 1049 2428 1107 2504; x_wconf 85' lang='lat' dir='ltr'>sit;</span> <span class='ocrx_word' id='word_1_127' title='bbox 1139 2437 1172 2489; x_wconf 91' lang='lat' dir='ltr'>et</span> <span class='ocrx_word' id='word_1_128' title='bbox 1200 2425 1298 2489; x_wconf 86' lang='lat' dir='ltr'>debet</span> 
     </span>
     <span class='ocr_line' id='line_1_17' title="bbox 220 2553 1296 2635; baseline 0.001 -21"><span class='ocrx_word' id='word_1_129' title='bbox 220 2553 322 2614; x_wconf 90' lang='lat' dir='ltr'>malos</span> <span class='ocrx_word' id='word_1_130' title='bbox 356 2553 503 2615; x_wconf 89' lang='lat' dir='ltr'>homines</span> <span class='ocrx_word' id='word_1_131' title='bbox 536 2555 731 2634; x_wconf 85' lang='lat' dir='ltr'>conquirere.</span> <span class='ocrx_word' id='word_1_132' title='bbox 769 2554 829 2615; x_wconf 93' lang='lat' dir='ltr'>His</span> <span class='ocrx_word' id='word_1_133' title='bbox 864 2553 988 2634; x_wconf 84' lang='lat' dir='ltr'>legibus</span> <span class='ocrx_word' id='word_1_134' title='bbox 1020 2555 1124 2635; x_wconf 89' lang='lat' dir='ltr'>excipi</span> <span class='ocrx_word' id='word_1_135' title='bbox 1160 2563 1296 2634; x_wconf 88' lang='lat' dir='ltr'>possunt</span> 
     </span>
     <span class='ocr_line' id='line_1_18' title="bbox 220 2664 1227 2762; baseline 0.001 -22"><span class='ocrx_word' id='word_1_136' title='bbox 220 2681 446 2761; x_wconf 84' lang='lat' dir='ltr'>superstitiosi,</span> <span class='ocrx_word' id='word_1_137' title='bbox 471 2664 526 2762; x_wconf 91' lang='lat' dir='ltr'>qui</span> <span class='ocrx_word' id='word_1_138' title='bbox 550 2681 655 2742; x_wconf 89' lang='lat' dir='ltr'>solum</span> <span class='ocrx_word' id='word_1_139' title='bbox 679 2681 829 2762; x_wconf 90' lang='lat' dir='ltr'>opinione</span> <span class='ocrx_word' id='word_1_140' title='bbox 852 2678 1020 2761; x_wconf 79' lang='lat' dir='ltr'>peccant.&#39;&#39;</span> <span class='ocrx_word' id='word_1_141' title='bbox 1040 2682 1069 2756; x_wconf 91' lang='lat'>¹)</span> <span class='ocrx_word' id='word_1_142' title='bbox 1092 2679 1144 2743; x_wconf 86' lang='lat' dir='ltr'>Sic</span> <span class='ocrx_word' id='word_1_143' title='bbox 1168 2680 1227 2741; x_wconf 87' lang='lat' dir='ltr'>ille.</span> 
     </span>
     <span class='ocr_line' id='line_1_19' title="bbox 265 2807 1298 2890; baseline 0 -22"><span class='ocrx_word' id='word_1_144' title='bbox 265 2807 369 2871; x_wconf 89' lang='lat' dir='ltr'>Multo</span> <span class='ocrx_word' id='word_1_145' title='bbox 411 2807 633 2870; x_wconf 87' lang='lat' dir='ltr'>vehementior</span> <span class='ocrx_word' id='word_1_146' title='bbox 673 2809 789 2870; x_wconf 85' lang='lat' dir='ltr'>Aube‘:</span> <span class='ocrx_word' id='word_1_147' title='bbox 829 2808 899 2887; x_wconf 82' lang='lat' dir='ltr'>„La</span> <span class='ocrx_word' id='word_1_148' title='bbox 929 2807 1113 2890; x_wconf 75' lang='lat' dir='ltr'>rhetorique</span> <span class='ocrx_word' id='word_1_149' title='bbox 1147 2809 1187 2869; x_wconf 91' lang='lat' dir='ltr'>de</span> <span class='ocrx_word' id='word_1_150' title='bbox 1221 2808 1298 2869; x_wconf 89' lang='lat' dir='ltr'>Ter—</span> 
     </span>
    </p>
   </div>
   <div class='ocr_carea' id='block_1_3' title="bbox 220 2933 1298 3016">
    <p class='ocr_par' dir='ltr' id='par_1_3' title="bbox 220 2933 1298 3016">
     <span class='ocr_line' id='line_1_20' title="bbox 220 2933 1298 3016; baseline 0.001 -21"><span class='ocrx_word' id='word_1_151' title='bbox 220 2933 328 2995; x_wconf 88' lang='lat' dir='ltr'>tullien</span> <span class='ocrx_word' id='word_1_152' title='bbox 361 2933 531 2998; x_wconf 83' lang='lat' dir='ltr'>s&#39;e&#39;chaufse</span> <span class='ocrx_word' id='word_1_153' title='bbox 561 2945 594 2998; x_wconf 91' lang='lat' dir='ltr'>et</span> <span class='ocrx_word' id='word_1_154' title='bbox 625 2934 799 3016; x_wconf 89' lang='lat' dir='ltr'>s’emporte</span> <span class='ocrx_word' id='word_1_155' title='bbox 823 2945 896 3016; x_wconf 89' lang='lat' dir='ltr'>trop</span> <span class='ocrx_word' id='word_1_156' title='bbox 919 2935 1116 2998; x_wconf 88' lang='lat' dir='ltr'>facilement:</span> <span class='ocrx_word' id='word_1_157' title='bbox 1141 2956 1194 2997; x_wconf 89' lang='lat' dir='ltr'>ces</span> <span class='ocrx_word' id='word_1_158' title='bbox 1218 2937 1298 2999; x_wconf 89' lang='lat' dir='ltr'>anti-</span> 
     </span>
    </p>
   </div>
   <div class='ocr_carea' id='block_1_4' title="bbox 220 3059 1299 3157">
    <p class='ocr_par' dir='ltr' id='par_1_4' title="bbox 220 3059 1299 3157">
     <span class='ocr_line' id='line_1_21' title="bbox 220 3059 1299 3157; baseline 0.001 -35"><span class='ocrx_word' id='word_1_159' title='bbox 220 3059 327 3122; x_wconf 77' lang='lat' dir='ltr'>theses</span> <span class='ocrx_word' id='word_1_160' title='bbox 349 3060 471 3124; x_wconf 79' lang='lat' dir='ltr'>d’ecole</span> <span class='ocrx_word' id='word_1_161' title='bbox 491 3067 533 3124; x_wconf 83' lang='lat' dir='ltr'>ou</span> <span class='ocrx_word' id='word_1_162' title='bbox 553 3082 587 3124; x_wconf 92' lang='lat' dir='ltr'>se</span> <span class='ocrx_word' id='word_1_163' title='bbox 608 3061 686 3143; x_wconf 89' lang='lat' dir='ltr'>plait</span> <span class='ocrx_word' id='word_1_164' title='bbox 703 3072 775 3143; x_wconf 91' lang='lat' dir='ltr'>trop</span> <span class='ocrx_word' id='word_1_165' title='bbox 788 3072 926 3157; x_wconf 81' lang='lat' dir='ltr'>souuent¹</span> <span class='ocrx_word' id='word_1_166' title='bbox 938 3063 967 3124; x_wconf 90' lang='lat' dir='ltr'>le</span> <span class='ocrx_word' id='word_1_167' title='bbox 978 3063 1144 3144; x_wconf 84' lang='lat' dir='ltr'>lougueux</span> <span class='ocrx_word' id='word_1_168' title='bbox 1157 3074 1190 3126; x_wconf 91' lang='lat' dir='ltr'>et</span> <span class='ocrx_word' id='word_1_169' title='bbox 1202 3061 1299 3125; x_wconf 89' lang='lat' dir='ltr'>subtil</span> 
     </span>
    </p>
   </div>
   <div class='ocr_carea' id='block_1_5' title="bbox 220 3188 1299 3907">
    <p class='ocr_par' dir='ltr' id='par_1_5' title="bbox 220 3188 802 3271">
     <span class='ocr_line' id='line_1_22' title="bbox 220 3188 802 3271; baseline 0.002 -22"><span class='ocrx_word' id='word_1_170' title='bbox 220 3199 350 3251; x_wconf 90' lang='lat' dir='ltr'>orateur</span> <span class='ocrx_word' id='word_1_171' title='bbox 372 3190 521 3251; x_wconf 88' lang='lat' dir='ltr'>tombent</span> <span class='ocrx_word' id='word_1_172' title='bbox 543 3189 581 3251; x_wconf 90' lang='lat' dir='ltr'>ici</span> <span class='ocrx_word' id='word_1_173' title='bbox 604 3192 623 3250; x_wconf 76' lang='lat' dir='ltr'>a</span> <span class='ocrx_word' id='word_1_174' title='bbox 646 3188 754 3251; x_wconf 80' lang='lat' dir='ltr'>faux.&#39;’</span> <span class='ocrx_word' id='word_1_175' title='bbox 772 3190 802 3271; x_wconf 82' lang='lat'>²)</span> 
     </span>
    </p>

    <p class='ocr_par' dir='ltr' id='par_1_6' title="bbox 221 3316 1298 3507">
     <span class='ocr_line' id='line_1_23' title="bbox 265 3316 1298 3400; baseline 0.003 -23"><span class='ocrx_word' id='word_1_176' title='bbox 265 3316 380 3397; x_wconf 85' lang='lat' dir='ltr'>Longe</span> <span class='ocrx_word' id='word_1_177' title='bbox 404 3316 495 3379; x_wconf 88' lang='lat' dir='ltr'>aliter</span> <span class='ocrx_word' id='word_1_178' title='bbox 516 3317 579 3393; x_wconf 89' lang='lat' dir='ltr'>vir,</span> <span class='ocrx_word' id='word_1_179' title='bbox 604 3317 727 3398; x_wconf 89' lang='lat' dir='ltr'>etipse</span> <span class='ocrx_word' id='word_1_180' title='bbox 750 3317 895 3379; x_wconf 91' lang='lat' dir='ltr'>doctrina</span> <span class='ocrx_word' id='word_1_181' title='bbox 914 3316 1001 3380; x_wconf 93' lang='lat' dir='ltr'>haud</span> <span class='ocrx_word' id='word_1_182' title='bbox 1022 3339 1137 3400; x_wconf 89' lang='lat' dir='ltr'>parurn</span> <span class='ocrx_word' id='word_1_183' title='bbox 1161 3319 1298 3391; x_wconf 89' lang='lat' dir='ltr'>illustris,</span> 
     </span>
     <span class='ocr_line' id='line_1_24' title="bbox 221 3445 414 3507; baseline -0.016 0"><span class='ocrx_word' id='word_1_184' title='bbox 221 3445 259 3507; x_wconf 86' lang='lat' dir='ltr'>E.</span> <span class='ocrx_word' id='word_1_185' title='bbox 284 3445 414 3505; x_wconf 89' lang='lat' dir='ltr'>Renan:</span> 
     </span>
    </p>

    <p class='ocr_par' dir='ltr' id='par_1_7' title="bbox 222 3568 1299 3907">
     <span class='ocr_line' id='line_1_25' title="bbox 266 3568 1298 3651; baseline 0 -19"><span class='ocrx_word' id='word_1_186' title='bbox 266 3569 405 3650; x_wconf 82' lang='lat' dir='ltr'>„Trajan</span> <span class='ocrx_word' id='word_1_187' title='bbox 431 3588 612 3650; x_wconf 84' lang='lat' dir='ltr'>encourage</span> <span class='ocrx_word' id='word_1_188' title='bbox 632 3568 815 3650; x_wconf 90' lang='lat' dir='ltr'>l&#39;apostasie</span> <span class='ocrx_word' id='word_1_189' title='bbox 828 3569 942 3633; x_wconf 82' lang='lat' dir='ltr'>faisant</span> <span class='ocrx_word' id='word_1_190' title='bbox 954 3575 1049 3651; x_wconf 69' lang='lat' dir='ltr'>grace</span> <span class='ocrx_word' id='word_1_191' title='bbox 1062 3592 1128 3632; x_wconf 89' lang='lat' dir='ltr'>aux</span> <span class='ocrx_word' id='word_1_192' title='bbox 1140 3572 1298 3651; x_wconf 85' lang='lat' dir='ltr'>re&#39;ne&#39;gats;</span> 
     </span>
     <span class='ocr_line' id='line_1_26' title="bbox 222 3695 1297 3779; baseline 0.001 -21"><span class='ocrx_word' id='word_1_193' title='bbox 222 3698 404 3778; x_wconf 85' lang='lat' dir='ltr'>enseigner,</span> <span class='ocrx_word' id='word_1_194' title='bbox 430 3695 610 3772; x_wconf 89' lang='lat' dir='ltr'>conseiller,</span> <span class='ocrx_word' id='word_1_195' title='bbox 636 3697 861 3777; x_wconf 77' lang='lat' dir='ltr'>recompenses</span> <span class='ocrx_word' id='word_1_196' title='bbox 884 3697 976 3759; x_wconf 85' lang='lat' dir='ltr'>l&#39;acte</span> <span class='ocrx_word' id='word_1_197' title='bbox 999 3697 1028 3759; x_wconf 86' lang='lat' dir='ltr'>le</span> <span class='ocrx_word' id='word_1_198' title='bbox 1051 3697 1122 3779; x_wconf 92' lang='lat' dir='ltr'>plus</span> <span class='ocrx_word' id='word_1_199' title='bbox 1141 3698 1297 3778; x_wconf 82' lang='lat' dir='ltr'>immoral,</span> 
     </span>
     <span class='ocr_line' id='line_1_27' title="bbox 222 3822 1299 3907; baseline -0.002 -20"><span class='ocrx_word' id='word_1_200' title='bbox 222 3826 303 3888; x_wconf 88' lang='lat' dir='ltr'>celui</span> <span class='ocrx_word' id='word_1_201' title='bbox 337 3827 392 3906; x_wconf 90' lang='lat' dir='ltr'>qui</span> <span class='ocrx_word' id='word_1_202' title='bbox 427 3825 567 3886; x_wconf 90' lang='lat' dir='ltr'>rabaissc</span> <span class='ocrx_word' id='word_1_203' title='bbox 598 3822 627 3885; x_wconf 88' lang='lat' dir='ltr'>le</span> <span class='ocrx_word' id='word_1_204' title='bbox 658 3824 730 3904; x_wconf 90' lang='lat' dir='ltr'>plus</span> <span class='ocrx_word' id='word_1_205' title='bbox 761 3823 913 3886; x_wconf 83' lang='lat' dir='ltr'>l&#39;homnre</span> <span class='ocrx_word' id='word_1_206' title='bbox 938 3827 956 3885; x_wconf 77' lang='lat' dir='ltr'>a</span> <span class='ocrx_word' id='word_1_207' title='bbox 979 3846 1030 3888; x_wconf 89' lang='lat' dir='ltr'>ses</span> <span class='ocrx_word' id='word_1_208' title='bbox 1053 3846 1186 3907; x_wconf 90' lang='lat' dir='ltr'>propres</span> <span class='ocrx_word' id='word_1_209' title='bbox 1210 3846 1299 3906; x_wconf 89' lang='lat' dir='ltr'>yeux</span> 
     </span>
    </p>
   </div>
   <div class='ocr_carea' id='block_1_6' title="bbox 222 3950 1299 4036">
    <p class='ocr_par' dir='ltr' id='par_1_8' title="bbox 222 3950 1299 4036">
     <span class='ocr_line' id='line_1_28' title="bbox 222 3950 1299 4036; baseline -0.003 -21"><span class='ocrx_word' id='word_1_210' title='bbox 222 3957 324 4036; x_wconf 87' lang='lat' dir='ltr'>parait</span> <span class='ocrx_word' id='word_1_211' title='bbox 359 3962 431 4014; x_wconf 90' lang='lat' dir='ltr'>tout</span> <span class='ocrx_word' id='word_1_212' title='bbox 467 3951 606 4013; x_wconf 88' lang='lat' dir='ltr'>naturel:</span> <span class='ocrx_word' id='word_1_213' title='bbox 644 3950 727 4011; x_wconf 62' lang='lat' dir='ltr'>voilia</span> <span class='ocrx_word' id='word_1_214' title='bbox 758 3950 886 4012; x_wconf 86' lang='lat' dir='ltr'>l’erreur</span> <span class='ocrx_word' id='word_1_215' title='bbox 916 3956 958 4012; x_wconf 85' lang='lat' dir='ltr'>ou</span> <span class='ocrx_word' id='word_1_216' title='bbox 992 3973 1034 4013; x_wconf 94' lang='lat' dir='ltr'>un</span> <span class='ocrx_word' id='word_1_217' title='bbox 1060 3953 1117 4014; x_wconf 92' lang='lat' dir='ltr'>des</span> <span class='ocrx_word' id='word_1_218' title='bbox 1141 3951 1299 4012; x_wconf 86' lang='lat' dir='ltr'>meilleurs</span> 
     </span>
    </p>
   </div>
   <div class='ocr_carea' id='block_1_7' title="bbox 296 4144 416 4151">
    <p class='ocr_par' dir='ltr' id='par_1_9' title="bbox 296 4144 416 4151">
     <span class='ocr_line' id='line_1_29' title="bbox 296 4144 416 4151; baseline -0.008 0"><span class='ocrx_word' id='word_1_219' title='bbox 296 4144 416 4151; x_wconf 46' lang='grc' dir='ltr'>...η-.-</span> 
     </span>
    </p>
   </div>
   <div class='ocr_carea' id='block_1_8' title="bbox 258 4266 818 4410">
    <p class='ocr_par' dir='ltr' id='par_1_10' title="bbox 258 4266 818 4410">
     <span class='ocr_line' id='line_1_30' title="bbox 260 4266 818 4332; baseline 0.004 -18"><span class='ocrx_word' id='word_1_220' title='bbox 260 4266 277 4323; x_wconf 89' lang='lat'>¹)</span> <span class='ocrx_word' id='word_1_221' title='bbox 296 4268 398 4315; x_wconf 85' lang='lat' dir='ltr'>Vossius</span> <span class='ocrx_word' id='word_1_222' title='bbox 416 4270 527 4330; x_wconf 86' lang='lat' dir='ltr'>Operum</span> <span class='ocrx_word' id='word_1_223' title='bbox 546 4269 619 4318; x_wconf 68' lang='lat' dir='ltr'>&#39;l‘om</span> <span class='ocrx_word' id='word_1_224' title='bbox 638 4269 673 4315; x_wconf 94' lang='lat' dir='ltr'>lV</span> <span class='ocrx_word' id='word_1_225' title='bbox 691 4269 717 4318; x_wconf 89' lang='lat' dir='ltr'>ll.</span> <span class='ocrx_word' id='word_1_226' title='bbox 737 4286 760 4332; x_wconf 77' lang='lat' dir='ltr'>p.</span> <span class='ocrx_word' id='word_1_227' title='bbox 778 4268 818 4331; x_wconf 75' lang='lat'>63.</span> 
     </span>
     <span class='ocr_line' id='line_1_31' title="bbox 258 4344 532 4410; baseline 0.011 -18"><span class='ocrx_word' id='word_1_228' title='bbox 258 4344 278 4410; x_wconf 85' lang='lat'>²)</span> <span class='ocrx_word' id='word_1_229' title='bbox 297 4346 370 4393; x_wconf 75' lang='lat' dir='ltr'>Aube</span> <span class='ocrx_word' id='word_1_230' title='bbox 388 4346 414 4396; x_wconf 90' lang='lat' dir='ltr'>ll.</span> <span class='ocrx_word' id='word_1_231' title='bbox 434 4363 458 4409; x_wconf 90' lang='lat' dir='ltr'>p.</span> <span class='ocrx_word' id='word_1_232' title='bbox 476 4359 532 4397; x_wconf 87' lang='lat'>220.</span> 
     </span>
    </p>
   </div>
   <div class='ocr_carea' id='block_1_9' title="bbox 0 0 1571 5130">
    <p class='ocr_par' dir='ltr' id='par_1_11' title="bbox 0 0 1571 5130">
     <span class='ocr_line' id='line_1_32' title="bbox 0 0 1571 5130; baseline 0 0"><span class='ocrx_word' id='word_1_233' title='bbox 0 0 1571 5130; x_wconf 95' lang='lat' dir='ltr'> </span> 
     </span>
    </p>
   </div>
  </div>
 </body>
</html>
