3114 5130
286 651 461 730 Rescripsit
485 649 660 729 Trajanus:

285 777 449 857 „Libellus
481 778 725 857 Apameorum‚
758 795 856 856 quem
888 771 1044 854 epistulae
1074 782 1150 832 tuae
1168 770 1323 850 junxeras

240 907 361 967 remisit
380 905 456 966 milri
474 904 697 966 necessitatem
711 901 939 983 perpendendi,
952 899 1060 981 qualia
1073 908 1179 960 essent
1193 908 1325 978 propter

241 1054 324 1114 quae
343 1033 441 1093 videri
461 1031 575 1092 volunt
596 1051 651 1091 eos
673 1031 726 1110 qui
747 1049 804 1110 pro
825 1026 1010 1090 consulibus
1030 1026 1112 1088 hanc
1125 1025 1322 1106 provinciam

241 1159 448 1220 obtinuerunt
483 1157 676 1220 abstinuisse
708 1157 941 1236 inspectatione
981 1154 1142 1215 rationum
1174 1172 1321 1228 suarum,

240 1305 331 1362 cum,
364 1287 431 1366 ipse
463 1294 498 1346 ut
532 1305 586 1346 eas
621 1284 808 1364 inspicereS,
846 1302 909 1343 non
946 1280 1169 1342 recusaverint.
1196 1279 1321 1340 Remu-

241 1413 382 1474 neranda
414 1422 462 1474 est
495 1413 591 1492 igitur
623 1410 768 1491 probitas
801 1429 930 1485 eorum,
956 1418 991 1471 ut
1009 1407 1077 1487 jam
1113 1427 1197 1468 nunc
1220 1407 1323 1468 sciant

239 1538 301 1601 hoc
332 1538 420 1619 quod
452 1540 653 1619 inspecturus
684 1558 718 1598 es
750 1558 792 1597 ex
824 1557 896 1598 mea
929 1535 1097 1597 voluntate
1120 1534 1214 1596 salvis
1238 1555 1322 1615 quae

240 1665 362 1729 habent
385 1666 554 1748 privilegiis
579 1686 648 1727 esse
671 1665 831 1727 facturum
850 1662 888 1748 ¹).

285 1795 413 1855 Praeter
443 1792 639 1871 „barbarum
665 1792 740 1853 illud
765 1792 921 1853 scribendi
945 1787 1080 1871 genus'',
1099 1787 1128 1873 ²)
1152 1788 1231 1850 haec
1254 1789 1319 1850 duo

240 1920 428 2000 Ussingium
453 1919 636 1981 offendunt:

290 2060 357 2108 1⁰⁰¹.
383 2047 457 2107 Non
482 2045 638 2109 intellexit
658 2047 800 2126 responsi
814 2055 926 2107 auctor
938 2046 1122 2107 existimare
1135 2046 1320 2125 Apameos,'

240 2173 265 2233 si
300 2173 341 2234 de
370 2172 441 2253 jure
474 2182 679 2254 quaereretur
709 2173 849 2234 rationes
880 2193 954 2233 suas
978 2172 1085 2252 legato
1109 2172 1320 2252 inspiciendas

242 2321 305 2361 non
331 2321 416 2376 esse,
442 2300 497 2361 sed
520 2299 622 2361 voluit
641 2320 696 2360 eos
717 2301 909 2361 remunerari
929 2299 972 2361 ob
994 2299 1198 2380 probitatem,
1212 2299 1320 2360 dicens

240 2429 456 2508 cognitionem
487 2427 571 2488 illam
601 2426 696 2488 salvis
719 2424 839 2511 aliast)
863 2448 946 2508 quae
970 2426 1126 2488 haberent
1148 2425 1320 2507 privilegiis

241 2556 294 2637 (de
318 2555 434 2637 quibus
458 2575 497 2616 ne
521 2555 642 2617 mentio
665 2554 796 2635 quidem
820 2554 903 2615 facta
927 2556 1007 2635 erat)
1034 2550 1206 2615 suturam''.

285 2695 328 2746 20.
365 2682 517 2745 Omnium
553 2702 629 2742 vero
661 2682 803 2742 maxime
835 2680 1005 2741 offenditur
1027 2681 1147 2761 Ussing
1170 2681 1320 2763 eoquod

239 2809 347 2871 scribit
389 2807 562 2888 Traianus:
605 2807 768 2885 „libellum
812 2808 1036 2888 Apameorum
1071 2807 1227 2868 remisisse
1261 2807 1320 2869 sibi

239 2934 455 2997 necessitatem
474 2933 694 3013 perpendendi
716 2931 800 2996 ete.”
825 2934 913 3015 quod
936 2934 1110 2996 absurdum
1135 2933 1229 3014 plane
1250 2956 1319 2998 esse

239 3061 405 3124 contendit
421 3058 455 3144 ⁸).

283 3188 420 3251 Videtur
443 3187 518 3248 mihi
541 3188 671 3268 quidem
696 3187 854 3267 Trajanus
878 3189 999 3270 optime
1020 3187 1212 3252 intellexisse
1232 3189 1320 3251 Plinii

239 3315 425 3397 epistulam,
463 3335 526 3376 non
562 3335 638 3376 vero
674 3315 794 3395 Ussing
825 3336 1013 3396 responsum
1045 3315 1183 3397 Trajani.
1219 3317 1320 3380 Recte

234 3443 302 3524 jam
326 3442 401 3504 olim
424 3442 488 3504 nd.
513 3442 638 3523 During
661 3463 689 3504 a.
703 3441 733 3503 h.
748 3441 783 3503 l.:

283 3569 371 3648 „Der
405 3567 483 3632 Sinn
518 3569 574 3630 der
606 3569 761 3631 Antwort
792 3566 914 3630 scheint
945 3568 1006 3629 den
1038 3567 1208 3631 Erklarern
1233 3570 1319 3635 nicht

275 3793 293 3853 ¹)
311 3796 340 3844 T·
358 3792 398 3855 48·
543 3846 545 3850 Α

273 3872 293 3932 ²)
312 3874 371 3920 Non
398 3888 463 3935 nego
490 3874 622 3936 epistulam
649 3876 713 3921 hane
741 3889 791 3921 non
819 3875 922 3922 omnino
941 3891 970 3921 ex
988 3876 1168 3937 grannnaticae
1187 3876 1319 3923 Tullianae

237 3953 377 4017 praeceptis
395 3968 447 4000 esse
465 3953 596 4016 seriplam3
615 3954 658 4001 sed
676 3954 736 4001 satis
755 3961 838 4000 tamen
859 3962 945 4001 notum
965 3964 1001 4002 est
1019 3955 1098 4002 altero
1118 3964 1173 4018 post
1191 3955 1318 4002 Christum

237 4033 328 4082 saecul.
355 4032 498 4080 liberiorem
525 4033 651 4080 scribendi
679 4048 773 4080 morem
800 4033 890 4079 sensim
920 4035 1034 4084 voluisse.
1063 4025 1179 4083 Ceterum
1205 4051 1235 4082 ne
1254 4035 1320 4082 Plini

238 4111 339 4175 quidem
368 4110 489 4173 epistulae
511 4127 575 4174 quae
594 4112 619 4159 in
637 4112 685 4159 hoc
703 4112 768 4159 libro
786 4111 904 4173 legantur·
923 4121 972 4160 tam
992 4121 1107 4162 accurate
1123 4114 1230 4178 scriptae
1247 4123 1318 4176 sunt,

238 4205 313 4252 quam
335 4188 391 4236 illac
409 4205 473 4252 qnae
493 4189 517 4236 in
538 4191 638 4254 reliquis
656 4190 726 4237 libris
744 4190 912 4241 continentur.

273 4266 291 4327 ³)
312 4268 369 4314 Hoc
388 4283 544 4331 nequaquam
565 4269 626 4317 dixit
645 4267 782 4335 'l'1ajanus,
801 4269 844 4316 sed
864 4267 934 4317 fimit
954 4270 1051 4334 Ussing.

272 4345 293 4415 ⁴)
311 4347 403 4408 Ussing
420 4347 446 4398 ll.
464 4365 488 4417 p.
510 4359 546 4412 15.
