3114 5130
728 449 770 526 89

210 629 297 690 diese
324 630 438 692 Worte
464 629 601 715 („seque
624 631 847 694 sacramento''
872 632 949 717 etc.)
973 633 1101 694 konnen
1125 653 1177 694 am
1201 633 1290 694 aller·

212 759 387 838 wenigsten
411 779 474 819 von
500 758 646 822 Christen
660 760 856 841 interpoliert
869 761 953 842 sein,
967 761 1051 822 denn
1064 762 1108 821 sie
1120 760 1289 823 verrathen

210 905 247 946 so
277 884 351 946 sehr
376 885 438 946 den
462 885 666 948 heidnisehen
690 887 890 968 standpunkt
913 889 969 950 des
993 887 1190 963 veressus,
1216 888 1289 949 (lass

210 1011 261 1072 die
284 1011 431 1074 Christen
454 1013 499 1074 sie
523 1012 610 1075 nicht
634 1014 750 1076 einmal
773 1014 941 1076 verstehen
966 1013 1141 1078 konnten.''
1158 1015 1191 1095 ¹).

254 1137 361 1214 Enfin,
385 1139 488 1220 inquit
500 1140 671 1217 Puteanus,
685 1141 730 1202 les
742 1140 901 1202 dernieres
914 1141 1046 1222 phrases
1057 1142 1097 1203 de
1108 1142 1138 1203 la
1151 1141 1287 1205 lettre...

209 1264 400 1328 confirment
423 1287 476 1328 ces
499 1265 646 1329 doutes'’

255 1393 355 1469 „Visa
385 1404 434 1455 est
464 1394 560 1454 enim'
581 1392 656 1455 mihi
680 1415 729 1456 res
753 1395 850 1476 digna
872 1394 1120 1471 consultatione,
1147 1397 1288 1457 maxime

211 1531 341 1601 propter
364 1520 609 1602 periclitantium
634 1542 803 1583 numerum
832 1521 926 1584 Multi
945 1523 1029 1583 enirn
1046 1523 1150 1583 omnis
1162 1524 1286 1598 aetatis,

211 1649 314 1709 omnis
347 1650 480 1724 ordinis,
513 1650 678 1732 utriusque
708 1670 806 1712 sexus
836 1651 949 1724 etiam,
977 1659 1130 1711 vocantur
1153 1650 1183 1710 in
1208 1652 1288 1730 peri-

211 1775 318 1836 eulum
349 1787 381 1839 et
411 1776 624 1839 vocabuntur.
658 1777 773 1858 Neque
799 1778 945 1839 civitates
968 1786 1096 1840 tantum
1120 1776 1176 1837 sed
1200 1777 1288 1837 vicos

211 1903 307 1963 etiam
331 1912 430 1984 atque
453 1923 548 1984 agros
572 1904 805 1984 superstitionis
828 1905 918 1966 istius
941 1905 1092 1985 contagio
1112 1914 1288 1984 pervagata

210 2039 275 2106 est;
299 2050 383 2111 quae
407 2031 533 2092 videtur
555 2031 623 2092 sisti
640 2042 672 2093 et
692 2032 805 2111 corrigi
826 2052 921 2112 posse
952 2031 1046 2094 Certe
1064 2031 1142 2093 satis
1162 2041 1289 2093 constat

210 2178 312 2239 prope
331 2157 398 2237 jam
421 2157 566 2219 desolata
589 2157 709 2239 templa
733 2159 877 2239 coepisse
896 2158 1046 2220 celebrari
1066 2170 1098 2221 et
1117 2180 1207 2221 saera
1227 2158 1289 2219 sol-

211 2285 326 2346 lemnia
349 2285 402 2346 diu
426 2285 605 2347 intermissa
628 2286 726 2366 repeti
747 2296 942 2366 pastumque
961 2287 1068 2347 venire
1087 2287 1288 2348 victimarum

210 2415 300 2476 cuius
323 2413 428 2476 adhuc
448 2414 624 2475 rarissimus
644 2423 771 2494 emptor
784 2413 1021 2476 inveniebatur:
1035 2414 1110 2491 „Ex
1122 2434 1188 2494 quo
1200 2414 1289 2476 facile

211 2549 260 2603 est
286 2541 408 2622 opinari
439 2561 523 2622 quae
554 2541 649 2602 turba
677 2540 844 2602 hominum
871 2541 1032 2602 emendari
1056 2543 1173 2622 possit,
1198 2542 1224 2602 si
1247 2543 1288 2603 sit

210 2669 423 2750 paenitentiae
446 2666 566 2729 loeus’'

255 2795 345 2857 Haec
368 2794 467 2856 verba
485 2794 536 2855 vel
556 2793 659 2874 magis
677 2814 776 2875 quam
797 2804 866 2856 tota
884 2793 1004 2875 reliqua
1016 2794 1152 2874 epistula
1163 2794 1287 2856 illorum

210 2923 354 2984 omnium
378 2923 502 2984 animos
525 2931 789 2997 commoverunt,
808 2931 971 3002 quotquot
989 2943 1007 2982 a
1027 2921 1158 2984 Semleri
1170 2932 1287 2997 aetate,

211 3050 365 3131 epistulae
395 3049 489 3110 huius
513 3044 682 3110 aiSerrlav
705 3050 895 3128 impugnare
918 3049 1025 3110 conati
1048 3058 1132 3110 sunt.
1158 3049 1287 3110 Etenim

212 3197 363 3257 magnam
393 3175 477 3237 illam
501 3175 753 3238 Christianorum
779 3174 1016 3237 multitudinum
1040 3196 1124 3255 quae
1147 3175 1177 3236 ll.
1200 3196 1288 3237 eom-

127 3363 133 3376 Ι
211 3312 424 3379 memoratur,
444 3303 576 3363 omnino
595 3302 756 3363 ferendam
776 3310 808 3364 et
829 3302 1061 3363 admittendam
1075 3323 1144 3362 esse
1157 3313 1287 3382 negant.

211 3430 390 3491 Praeiverat
412 3427 604 3518 cantilenam
625 3427 801 3503 Semlerus,
814 3429 1043 3489 concinuerunt
1057 3428 1195 3490 Aubeus
1206 3428 1288 3489 Des-

206 3555 327 3636 jardins
350 3566 382 3616 et
405 3556 575 3616 Puteanus.

255 3682 318 3763 Qui
354 3682 493 3763 primum
528 3681 590 3743 hoe
623 3689 815 3761 argumento
851 3689 984 3741 utuntur
1017 3680 1151 3741 Plinium
1187 3679 1288 3741 altero

210 3808 342 3870 demum
376 3808 544 3888 legationis
577 3828 662 3869 anno
696 3808 736 3869 ad
772 3809 1002 3888 Imperatorem
1032 3808 1072 3869 de
1103 3807 1288 3870 Christianis

211 3932 371 3994 retulisse:
393 3954 530 4014 quorum
549 3934 573 3993 si
586 3953 660 3994 vere
673 3943 781 3995 tantus
794 3933 903 3994 luisset
916 3953 1067 3994 numerus
1080 3943 1131 3995 ut:
1145 3934 1287 4014 „templa

211 4079 312 4140 prope
336 4069 443 4121 essent
466 4057 631 4121 desolata’'
657 4069 689 4121 et
713 4058 864 4120 sacrificia
890 4060 1191 4135 intermitterentur,
1215 4080 1287 4140 pro-

214 4227 404 4238 ———

247 4332 264 4391 ¹)
283 4335 382 4383 Arnold
399 4335 417 4382 ll
443 4353 459 4399 p
488 4349 518 4384 10
