3114 5130
754 484 798 544 66

239 676 453 747 negaverunt,
468 659 562 729 fuisse
575 670 714 750 quidem,
729 671 785 731 sed
798 671 928 747 desisse,
947 672 968 752 ¹)
981 672 1112 752 quidam
1131 682 1205 734 ante
1217 674 1313 735 trien·
1365 745 1367 749 ¹

238 795 342 869 nium,
378 795 509 875 quidam
544 804 618 857 ante
653 797 759 877 plures
783 818 901 873 annos,
929 818 1089 859 nonnemo
1113 800 1210 860 etiam
1238 809 1313 861 ante

191 968 195 975 .
237 922 357 1000 viginti.
383 921 426 982 Hi
450 943 581 1003 quoque
608 943 720 984 omnes
745 933 777 985 et
801 925 975 1004 imaginem
1000 934 1088 986 tuam
1114 925 1313 1006 deorumque

238 1048 405 1110 simulacra
436 1051 577 1112 venerati
609 1061 683 1112 sunt
707 1061 738 1112 et
763 1050 889 1113 Christo
915 1052 997 1112 male
1020 1052 1178 1114 dixerunt.
1204 1051 1313 1113 Adfir-

238 1176 371 1237 mabant
403 1186 511 1238 autem
543 1176 625 1238 hanc
649 1178 743 1238 fuisse
767 1199 928 1239 summam
952 1179 1002 1239 vel
1026 1179 1139 1260 culpae
1161 1200 1240 1271 suae
1263 1181 1314 1241 vel

238 1305 365 1378 erroriS,
390 1305 477 1385 quod
502 1314 608 1366 essent
631 1305 714 1367 soliti
738 1315 823 1367 stato
846 1306 896 1366 die
919 1316 994 1368 ante
1017 1307 1120 1368 lucem
1144 1308 1313 1368 convenire

237 1448 430 1510 carmenque
454 1429 582 1492 Christo
605 1433 697 1512 quasi
720 1431 792 1492 Deo
815 1433 919 1494 dicere
939 1452 1048 1494 secum
1068 1433 1203 1494 invicem
1215 1452 1313 1513 seque

238 1565 439 1617 sacramento
464 1577 527 1617 non
551 1558 582 1617 in
604 1558 706 1619 scelus
729 1558 858 1639 aliquod
871 1559 1086 1640 obstringere,
1100 1560 1156 1620 sed
1169 1559 1209 1619 ne
1221 1559 1312 1634 furta,

239 1701 278 1742 ne
309 1671 488 1758 latrocinia,
523 1704 562 1744 ne
586 1684 741 1745 adulteria
764 1686 1018 1760 committerent,
1045 1704 1084 1745 ne
1109 1683 1206 1745 fidem
1230 1683 1315 1744 falle-

237 1817 323 1882 rent,
353 1829 393 1870 ne
416 1811 598 1890 depositum
624 1810 774 1892 appellati
799 1812 1012 1892 abnegarent:
1036 1811 1154 1892 quibus
1177 1811 1314 1892 peractis

239 1956 362 1997 morem
385 1937 444 1997 sibi
467 1937 648 1997 discedendi
673 1937 768 1998 fuisse
792 1957 964 2019 rursusque
986 1936 1120 2000 coenredi
1135 1939 1176 1999 ad
1188 1939 1314 2018 capien-

238 2064 315 2124 dum
354 2063 479 2139 cibum,
520 2065 738 2145 promiscuum
777 2075 886 2126 tamen
925 2076 957 2127 et
1000 2066 1183 2141 innoxium,
1227 2065 1314 2145 quod

239 2192 344 2271 ipsum
368 2191 469 2252 facere
493 2191 612 2252 desisse
637 2201 710 2272 post
734 2192 873 2254 edictum
898 2213 1007 2254 meum
1050 2213 1115 2272 quo
1138 2193 1314 2254 secundum

240 2318 392 2379 mandata
427 2329 482 2379 tua
507 2317 664 2379 hetaerias
689 2339 758 2380 esse
781 2331 956 2382 vetueram.
982 2320 1056 2402 Quo
1081 2322 1183 2401 magis
1208 2341 1315 2382 neces-

239 2446 356 2506 sarium
392 2446 508 2507 credidi
543 2466 585 2506 ex
616 2446 742 2507 duabus
774 2447 908 2522 ancilliS,
943 2468 1027 2528 quae
1050 2448 1212 2509 ministrae
1233 2448 1316 2508 dice-

240 2570 374 2646 bantur,
407 2571 484 2651 quid
517 2580 600 2632 esset
635 2573 701 2632 veri
725 2581 757 2634 et
780 2591 836 2652 per
859 2581 1020 2634 tormenta
1044 2592 1204 2652 quaerere.
1231 2571 1316 2632 Nihil

240 2699 325 2760 aliud
349 2700 454 2759 inveni
474 2718 572 2778 quam
592 2699 852 2779 superstitionem
866 2719 998 2780 pravam
1012 2700 1227 2761 immodicam.
1240 2700 1315 2761 Ideo

240 2825 337 2886 dilata
350 2825 533 2905 cognitione
546 2825 586 2886 ad
599 2825 831 2886 consulendum
844 2834 878 2887 te
889 2826 1062 2886 decucurri.
1077 2826 1155 2887 Visa
1168 2837 1216 2888 est
1231 2827 1315 2888 enim

241 2949 316 3010 mihi
348 2969 397 3010 res
420 2951 517 3030 digna
541 2951 794 3026 consultatione,
820 2952 962 3013 maxime
986 2963 1117 3032 propter
1140 2953 1318 3033 periclitan-

240 3076 320 3138 tium
344 3097 523 3138 numerum.
549 3077 642 3139 Multi
667 3079 751 3138 enim
775 3079 879 3139 omnis
903 3079 1035 3154 aetatis,
1060 3081 1164 3140 omnis
1190 3080 1316 3155 ordiniS,

243 3205 407 3285 utriusque
442 3224 539 3265 sexus
572 3206 686 3280 etiam,
718 3214 875 3267 vocantur
906 3206 936 3266 in
968 3205 1143 3286 periculum
1167 3216 1199 3267 et
1222 3225 1316 3267 voca·

243 3332 371 3393 buntur.
397 3332 511 3412 Neque
530 3333 675 3394 civitates
695 3341 821 3394 tantum
836 3333 891 3393 sed
904 3334 991 3393 vicos
1003 3334 1101 3394 etiam
1113 3342 1212 3413 atque
1222 3352 1317 3413 agros

241 3459 473 3540 superstitionis
504 3459 593 3521 istius
617 3461 768 3540 contagio
793 3469 971 3540 pervagata
995 3469 1059 3535 est3
1085 3480 1169 3539 quae
1192 3460 1319 3520 videtur

241 3586 308 3647 sisti
328 3594 360 3647 et
380 3585 493 3665 corrigi
519 3606 622 3666 posse.
648 3586 742 3648 Certe
766 3587 842 3647 satis
863 3596 990 3647 constat
1014 3606 1114 3666 prope
1133 3585 1201 3665 jam
1225 3586 1317 3646 deso-

240 3712 305 3773 lata
329 3711 449 3792 templa
475 3713 617 3793 coepisse
641 3712 790 3774 celebrari
815 3722 846 3774 et
870 3733 959 3774 sacra
980 3713 1145 3774 sollemnia
1157 3714 1210 3774 diu
1224 3713 1319 3774 inter-

242 3839 338 3899 missa
370 3839 470 3918 repeti
502 3849 696 3919 pastumque
728 3840 835 3900 venire
857 3840 1075 3915 victimarum,
1101 3840 1190 3901 cuius
1214 3836 1318 3900 adhuc

241 3966 417 4026 rarissimus
441 3973 567 4046 emptor
591 3965 818 4026 inveniebatur.
843 3965 897 4028 Ex
920 3986 985 4046 quo
1009 3966 1098 4027 facile
1121 3975 1170 4028 est
1186 3965 1319 4046 opinari,

249 4159 438 4169 ——-

279 4301 296 4361 ¹)
313 4302 544 4365 Ila1·rly:„quidnm
555 4311 612 4350 ante
622 4302 705 4366 plures
714 4319 801 4364 annos,
811 4320 939 4352 nonnemo
948 4307 1024 4354 etiam
1034 4315 1092 4354 ante
1104 4307 1192 4368 viginti
1201 4307 1320 4370 quinque.

242 4377 353 4427 Omnes*
371 4387 417 4430 etc.
