3114 5130
851 453 893 528 48

330 636 396 714 jam
421 637 577 713 diximu5‚
602 638 863 699 consuetudinem
888 638 1020 698 reducit.
1044 637 1117 696 Non
1138 656 1234 715 aegre
1251 635 1412 696 ferendam

335 783 404 822 esse
446 766 656 825 mutationem
698 765 892 829 levissimam
933 765 962 824 in
999 762 1134 843 epistula
1169 783 1267 842 quam
1301 782 1414 821 omnes

334 889 471 950 editores
505 901 689 972 corruptam
725 891 885 952 fateantur
907 892 963 951 vix
987 909 1185 971 quemquam
1209 909 1327 968 negare
1346 889 1413 948 exi·

334 1019 447 1093 stimo;
483 1019 654 1099 particulas
687 1039 780 1080 vero:
815 1039 956 1079 πω...
996 1026 1027 1076 rt
1062 1038 1125 1078 non
1159 1037 1230 1078 raro
1264 1017 1413 1097 conjungi

334 1145 535 1206 demonstrat
569 1145 702 1225 Drager,
738 1146 792 1225 qui
828 1146 857 1205 in
894 1145 1061 1206 utilissimo
1095 1163 1192 1224 quem
1228 1145 1414 1223 conscripsit

335 1273 415 1332 libro
438 1272 529 1352 plura
553 1271 646 1333 huius
669 1272 837 1333 locutionis
858 1271 1008 1351 exempla
1027 1269 1134 1332 attulit
1153 1267 1189 1353 ¹),
1210 1290 1308 1350 quam
1327 1270 1414 1331 facile

336 1419 411 1459 vero
435 1419 493 1478 pro
517 1418 664 1475 „nrr....
688 1395 738 1457 et'’
759 1417 908 1476 ἥκω...
934 1394 1051 1475 rreqrrr''
1073 1398 1102 1457 in
1124 1406 1250 1457 textum
1272 1397 1414 1476 inrepere

336 1526 476 1605 potuerit
499 1526 658 1585 neminem
683 1524 770 1586 latet.

381 1651 535 1725 Accedit,
567 1651 655 1731 quod
687 1649 746 1711 hac
777 1652 1001 1712 emendatione
1032 1651 1188 1726 admissa,
1223 1653 1321 1712 totius
1346 1671 1414 1711 ora-

336 1778 446 1855 tioniS,
479 1797 576 1857 quem
607 1787 738 1851 vocant,
769 1787 943 1839 contextus
967 1777 1071 1838 multo
1094 1776 1207 1838 clarius
1231 1777 1414 1858 faciliusque

336 1904 538 1983 intellegitur.
558 1904 644 1986 Quid
664 1907 747 1966 enim
768 1906 843 1966 dicit
862 1903 1040 1984 Trajanus?
1053 1902 1157 1980 „Sunt
1170 1904 1299 1984 quidem
1313 1905 1415 1985 inquit

336 2031 376 2091 de
407 2031 457 2091 illa
484 2052 517 2091 re
540 2033 643 2093 edicta
667 2033 827 2112 quaedam
848 2042 880 2093 et
900 2032 1051 2111 rescripta
1076 2030 1269 2106 Domitiani,
1294 2031 1350 2092 sed
1374 2032 1416 2091 ad

273 2141 275 2144 Α
337 2154 522 2236 Bithyniam
546 2157 742 2238 prouinciam
763 2178 801 2217 ea
821 2157 896 2217 data
917 2176 979 2216 non
1001 2165 1093 2217 sunt:
1114 2166 1145 2216 et
1166 2154 1249 2217 Men.
1262 2206 1267 2216 .
1280 2208 1284 2217 .
1299 2211 1302 2217 .
1320 2158 1415 2238 quid?

337 2284 484 2363 antiquas
503 2284 650 2344 nimirum
669 2283 755 2363 leges
778 2294 810 2345 et
833 2284 1080 2344 consuetudines
1104 2284 1277 2344 servandas
1301 2283 1413 2364 put0.'’

338 2407 428 2468 Haec
470 2410 689 2490 unusquisque
731 2409 830 2470 lector
862 2429 924 2469 nou
958 2409 1124 2487 indiligens
1155 2410 1222 2490 ipse
1249 2409 1415 2470 addiderit.

337 2534 456 2614 Quidni
480 2557 557 2616 ergo
580 2547 612 2598 et
635 2536 809 2616 Trajanum
833 2535 895 2596 hoc
916 2536 1019 2616 ipsum
1040 2538 1201 2617 scripsisse
1222 2539 1415 2612 existimem,

338 2662 425 2742 quod
457 2672 489 2724 et
519 2662 598 2724 illius
621 2664 736 2724 aetatis
761 2662 902 2723 moribus
926 2671 958 2723 et
981 2682 1078 2723 sanae
1101 2665 1214 2724 rationi
1239 2674 1413 2744 congruat,

338 2809 532 2868 omnemque
554 2788 761 2848 offensionem
784 2788 893 2850 tollat?

382 2914 445 2975 Sed
477 2915 517 2975 de
547 2914 607 2975 hac
636 2914 818 2994 conjectura
849 2916 1003 2996 quidquid
1035 2917 1236 2977 sentiendum
1261 2927 1326 2993 est,
1352 2938 1415 2978 non
1467 2952 1470 2957 ·

338 3043 409 3103 licet
432 3041 575 3121 profecto
599 3041 643 3101 ob
665 3040 727 3100 hoc
751 3040 838 3120 quod
863 3040 1032 3121 epistulam
1058 3041 1156 3117 hanc,
1182 3063 1319 3123 eamque
1340 3046 1416 3104 satis

338 3179 539 3248 corruptam,
581 3188 644 3228 non
678 3166 772 3247 plane
803 3167 1023 3246 intelligimus,
1054 3169 1188 3228 eandem
1223 3190 1241 3229 a
1277 3169 1416 3248 Trajano

338 3299 551 3376 conscriptam
572 3316 642 3356 esse
662 3315 797 3374 negare,
819 3303 852 3355 et
871 3289 983 3355 falsarii
1002 3296 1168 3356 cuiusdam
1183 3297 1301 3356 nomini
1316 3295 1416 3376 (quod

339 3423 537 3502 ignoramus)
571 3421 765 3496 adscribere,
802 3423 856 3502 qui
891 3423 999 3483 omnia
1034 3423 1178 3502 prolecto
1212 3423 1416 3484 incommoda

338 3548 389 3608 illa
412 3558 444 3609 et
467 3547 568 3628 probe
592 3548 741 3608 sensisset
765 3557 797 3608 et
821 3547 995 3627 prudenter
1017 3549 1152 3608 cavisset

384 3674 439 3734 Ad
463 3668 580 3735 leuiora
604 3674 762 3756 quaedam
788 3684 997 3735 transeamus

383 3801 594 3862 Mandaverat
636 3802 815 3880 Imperator
848 3799 955 3878 legato
991 3810 1026 3861 ut
1062 3820 1222 3861 summam
1258 3802 1417 3861 redituum

339 3927 540 4007 publicorum
571 3946 681 3986 curam
712 3925 854 3986 haberet.
888 3926 996 4007 Quare
1019 3926 1048 3986 in
1073 3927 1142 4006 ipso
1166 3927 1347 4007 prouinciae
1371 3927 1417 3985 in-

339 4075 451 4135 gressu
474 4053 676 4115 Prusensium
697 4050 888 4133 reipublicae
907 4052 1084 4132 impendia,
1105 4053 1240 4127 reditura,
1258 4052 1418 4112 debitores

375 4341 394 4404 ἓ)
413 4342 511 4404 Drager
528 4342 623 4391 Histor.
643 4342 738 4403 Syntax
756 4342 800 4388 der
817 4340 874 4389 Lat.
890 4339 1008 4402 Spracbe.
1026 4339 1073 4388 Ed.
1090 4339 1115 4384 II
1131 4314 1203 4388 Tom.
1220 4336 1350 4401 11p.86.§
1360 4336 1417 4398 326.
