<?xml version="1.0" encoding="UTF-8"?>
<!DOCTYPE html PUBLIC "-//W3C//DTD XHTML 1.0 Transitional//EN"
    "http://www.w3.org/TR/xhtml1/DTD/xhtml1-transitional.dtd">
<html xmlns="http://www.w3.org/1999/xhtml" xml:lang="en" lang="en">
 <head>
  <title>
</title>
<meta http-equiv="Content-Type" content="text/html;charset=utf-8" />
  <meta name='ocr-system' content='tesseract 3.04.00' />
  <meta name='ocr-capabilities' content='ocr_page ocr_carea ocr_par ocr_line ocrx_word'/>
</head>
<body>
  <div class='ocr_page' id='page_1' title='image "./decpliniicaecil00plingoog_0063.png"; bbox 0 0 3114 5130; ppageno 0'>
   <div class='ocr_carea' id='block_1_1' title="bbox 757 477 800 542">
    <p class='ocr_par' dir='ltr' id='par_1_1' title="bbox 757 477 800 542">
     <span class='ocr_line' id='line_1_1' title="bbox 757 477 800 542; baseline 0.116 -20"><span class='ocrx_word' id='word_1_1' title='bbox 757 477 800 542; x_wconf 74' lang='grc'>,50</span> 
     </span>
    </p>
   </div>
   <div class='ocr_carea' id='block_1_2' title="bbox 176 646 1323 1110">
    <p class='ocr_par' dir='ltr' id='par_1_2' title="bbox 176 646 1323 861">
     <span class='ocr_line' id='line_1_2' title="bbox 238 646 1323 730; baseline -0.008 -14"><span class='ocrx_word' id='word_1_2' title='bbox 238 655 315 716; x_wconf 89' lang='lat' dir='ltr'>dum</span> <span class='ocrx_word' id='word_1_3' title='bbox 347 670 473 713; x_wconf 87' lang='lat' dir='ltr'>servare</span> <span class='ocrx_word' id='word_1_4' title='bbox 504 647 653 709; x_wconf 88' lang='lat' dir='ltr'>volumus</span> <span class='ocrx_word' id='word_1_5' title='bbox 685 649 776 730; x_wconf 90' lang='lat' dir='ltr'>quod</span> <span class='ocrx_word' id='word_1_6' title='bbox 805 650 972 730; x_wconf 87' lang='lat' dir='ltr'>inpensum</span> <span class='ocrx_word' id='word_1_7' title='bbox 1005 656 1069 720; x_wconf 89' lang='lat' dir='ltr'>est,</span> <span class='ocrx_word' id='word_1_8' title='bbox 1095 646 1178 708; x_wconf 90' lang='lat' dir='ltr'>male</span> <span class='ocrx_word' id='word_1_9' title='bbox 1201 646 1323 728; x_wconf 88' lang='lat' dir='ltr'>impen-</span> 
     </span>
     <span class='ocr_line' id='line_1_3' title="bbox 176 774 780 861; baseline -0.008 -18"><span class='ocrx_word' id='word_1_10' title='bbox 176 801 178 805; x_wconf 75' lang='grc'>’</span> <span class='ocrx_word' id='word_1_11' title='bbox 238 783 354 843; x_wconf 90' lang='lat' dir='ltr'>damus</span> <span class='ocrx_word' id='word_1_12' title='bbox 379 778 466 861; x_wconf 91' lang='lat' dir='ltr'>quod</span> <span class='ocrx_word' id='word_1_13' title='bbox 491 776 675 838; x_wconf 87' lang='lat' dir='ltr'>addendum</span> <span class='ocrx_word' id='word_1_14' title='bbox 700 774 780 838; x_wconf 70' lang='lat' dir='ltr'>est&#39;&#39;,</span> 
     </span>
    </p>

    <p class='ocr_par' dir='ltr' id='par_1_3' title="bbox 241 900 1323 1110">
     <span class='ocr_line' id='line_1_4' title="bbox 286 900 1323 983; baseline -0.007 -14"><span class='ocrx_word' id='word_1_15' title='bbox 286 907 341 969; x_wconf 85' lang='lat' dir='ltr'>Ad</span> <span class='ocrx_word' id='word_1_16' title='bbox 377 906 456 966; x_wconf 86' lang='lat' dir='ltr'>haec</span> <span class='ocrx_word' id='word_1_17' title='bbox 486 902 643 983; x_wconf 88' lang='lat' dir='ltr'>Trajanus</span> <span class='ocrx_word' id='word_1_18' title='bbox 675 912 778 965; x_wconf 91' lang='lat' dir='ltr'>totam</span> <span class='ocrx_word' id='word_1_19' title='bbox 811 922 940 963; x_wconf 92' lang='lat' dir='ltr'>causam</span> <span class='ocrx_word' id='word_1_20' title='bbox 972 900 1059 962; x_wconf 84' lang='lat' dir='ltr'>Plinii</span> <span class='ocrx_word' id='word_1_21' title='bbox 1090 901 1220 963; x_wconf 88' lang='lat' dir='ltr'>arbitrio</span> <span class='ocrx_word' id='word_1_22' title='bbox 1253 922 1323 983; x_wconf 90' lang='lat' dir='ltr'>per-</span> 
     </span>
     <span class='ocr_line' id='line_1_5' title="bbox 241 1028 1322 1110; baseline -0.007 -13"><span class='ocrx_word' id='word_1_23' title='bbox 241 1036 364 1109; x_wconf 69' lang='lat' dir='ltr'>mittit,</span> <span class='ocrx_word' id='word_1_24' title='bbox 389 1031 598 1094; x_wconf 82' lang='lat' dir='ltr'>architectum</span> <span class='ocrx_word' id='word_1_25' title='bbox 635 1051 711 1091; x_wconf 90' lang='lat' dir='ltr'>vero</span> <span class='ocrx_word' id='word_1_26' title='bbox 748 1031 861 1092; x_wconf 89' lang='lat' dir='ltr'>iterum</span> <span class='ocrx_word' id='word_1_27' title='bbox 897 1031 927 1090; x_wconf 88' lang='lat' dir='ltr'>in</span> <span class='ocrx_word' id='word_1_28' title='bbox 962 1030 1030 1110; x_wconf 89' lang='lat' dir='ltr'>ipsa</span> <span class='ocrx_word' id='word_1_29' title='bbox 1067 1028 1217 1109; x_wconf 80' lang='lat' dir='ltr'>Bithynia</span> <span class='ocrx_word' id='word_1_30' title='bbox 1248 1050 1322 1090; x_wconf 89' lang='lat' dir='ltr'>eum</span> 
     </span>
    </p>
   </div>
   <div class='ocr_carea' id='block_1_3' title="bbox 214 1156 1324 1245">
    <p class='ocr_par' dir='ltr' id='par_1_4' title="bbox 214 1156 1324 1245">
     <span class='ocr_line' id='line_1_6' title="bbox 214 1156 1324 1245; baseline -0.007 -22"><span class='ocrx_word' id='word_1_31' title='bbox 214 1203 216 1207; x_wconf 27' lang='grc' dir='ltr'><em>ν</em></span> <span class='ocrx_word' id='word_1_32' title='bbox 241 1157 393 1245; x_wconf 87' lang='lat' dir='ltr'>quaerere</span> <span class='ocrx_word' id='word_1_33' title='bbox 413 1159 521 1240; x_wconf 87' lang='lat' dir='ltr'>jubet,</span> <span class='ocrx_word' id='word_1_34' title='bbox 544 1159 679 1220; x_wconf 86' lang='lat' dir='ltr'>etenim:</span> <span class='ocrx_word' id='word_1_35' title='bbox 702 1157 826 1235; x_wconf 80' lang='lat' dir='ltr'>‚,nulla,</span> <span class='ocrx_word' id='word_1_36' title='bbox 848 1157 968 1237; x_wconf 91' lang='lat' dir='ltr'>inquit,</span> <span class='ocrx_word' id='word_1_37' title='bbox 989 1156 1152 1236; x_wconf 86' lang='lat' dir='ltr'>provincia</span> <span class='ocrx_word' id='word_1_38' title='bbox 1172 1165 1221 1218; x_wconf 90' lang='lat' dir='ltr'>est</span> <span class='ocrx_word' id='word_1_39' title='bbox 1241 1177 1324 1237; x_wconf 87' lang='lat' dir='ltr'>quae</span> 
     </span>
    </p>
   </div>
   <div class='ocr_carea' id='block_1_4' title="bbox 241 1280 1325 1370">
    <p class='ocr_par' dir='ltr' id='par_1_5' title="bbox 241 1280 1325 1370">
     <span class='ocr_line' id='line_1_7' title="bbox 241 1280 1325 1370; baseline -0.006 -19"><span class='ocrx_word' id='word_1_40' title='bbox 241 1312 305 1351; x_wconf 93' lang='lat' dir='ltr'>non</span> <span class='ocrx_word' id='word_1_41' title='bbox 352 1280 471 1370; x_wconf 82' lang='lat' dir='ltr'>peritos</span> <span class='ocrx_word' id='word_1_42' title='bbox 516 1296 548 1348; x_wconf 87' lang='lat' dir='ltr'>et</span> <span class='ocrx_word' id='word_1_43' title='bbox 595 1286 776 1366; x_wconf 85' lang='lat' dir='ltr'>ingeniosos</span> <span class='ocrx_word' id='word_1_44' title='bbox 812 1285 957 1346; x_wconf 90' lang='lat' dir='ltr'>homines</span> <span class='ocrx_word' id='word_1_45' title='bbox 988 1283 1106 1345; x_wconf 90' lang='lat' dir='ltr'>habeat</span> <span class='ocrx_word' id='word_1_46' title='bbox 1116 1305 1122 1358; x_wconf 83' lang='lat'>;</span> <span class='ocrx_word' id='word_1_47' title='bbox 1157 1284 1254 1344; x_wconf 90' lang='lat' dir='ltr'>modo</span> <span class='ocrx_word' id='word_1_48' title='bbox 1286 1304 1325 1345; x_wconf 93' lang='lat' dir='ltr'>ne</span> 
     </span>
    </p>
   </div>
   <div class='ocr_carea' id='block_1_5' title="bbox 177 1411 1395 3779">
    <p class='ocr_par' dir='ltr' id='par_1_6' title="bbox 241 1411 1325 1620">
     <span class='ocr_line' id='line_1_8' title="bbox 241 1411 1325 1487; baseline -0.006 -9"><span class='ocrx_word' id='word_1_49' title='bbox 241 1418 406 1478; x_wconf 80' lang='lat' dir='ltr'>existimes</span> <span class='ocrx_word' id='word_1_50' title='bbox 437 1414 564 1476; x_wconf 86' lang='lat' dir='ltr'>brevius</span> <span class='ocrx_word' id='word_1_51' title='bbox 596 1433 667 1478; x_wconf 89' lang='lat' dir='ltr'>esse</span> <span class='ocrx_word' id='word_1_52' title='bbox 697 1413 738 1474; x_wconf 86' lang='lat' dir='ltr'>ab</span> <span class='ocrx_word' id='word_1_53' title='bbox 771 1413 849 1474; x_wconf 90' lang='lat' dir='ltr'>urbe</span> <span class='ocrx_word' id='word_1_54' title='bbox 881 1413 978 1487; x_wconf 84' lang='lat' dir='ltr'>mitti,</span> <span class='ocrx_word' id='word_1_55' title='bbox 1013 1431 1089 1473; x_wconf 81' lang='lat' dir='ltr'>cunr·</span> <span class='ocrx_word' id='word_1_56' title='bbox 1118 1432 1160 1472; x_wconf 87' lang='lat' dir='ltr'>ex</span> <span class='ocrx_word' id='word_1_57' title='bbox 1192 1411 1325 1473; x_wconf 81' lang='lat' dir='ltr'>Graecia</span> 
     </span>
     <span class='ocr_line' id='line_1_9' title="bbox 241 1537 888 1620; baseline -0.008 -15"><span class='ocrx_word' id='word_1_58' title='bbox 241 1543 403 1605; x_wconf 86' lang='lat' dir='ltr'>etiamad</span> <span class='ocrx_word' id='word_1_59' title='bbox 427 1562 486 1602; x_wconf 86' lang='lat' dir='ltr'>nos</span> <span class='ocrx_word' id='word_1_60' title='bbox 511 1541 617 1602; x_wconf 88' lang='lat' dir='ltr'>venire</span> <span class='ocrx_word' id='word_1_61' title='bbox 642 1540 724 1602; x_wconf 90' lang='lat' dir='ltr'>soliti</span> <span class='ocrx_word' id='word_1_62' title='bbox 748 1537 830 1602; x_wconf 77' lang='lat' dir='ltr'>sint&#39;&#39;</span> <span class='ocrx_word' id='word_1_63' title='bbox 851 1541 888 1620; x_wconf 87' lang='lat'>¹).</span> 
     </span>
    </p>

    <p class='ocr_par' dir='ltr' id='par_1_7' title="bbox 221 1666 1395 2894">
     <span class='ocr_line' id='line_1_10' title="bbox 288 1666 1395 1753; baseline -0.006 -21"><span class='ocrx_word' id='word_1_64' title='bbox 288 1671 397 1753; x_wconf 82' lang='lat' dir='ltr'>Quae,</span> <span class='ocrx_word' id='word_1_65' title='bbox 426 1670 573 1752; x_wconf 83' lang='lat' dir='ltr'>quamvis</span> <span class='ocrx_word' id='word_1_66' title='bbox 604 1669 755 1748; x_wconf 88' lang='lat' dir='ltr'>Ussingio</span> <span class='ocrx_word' id='word_1_67' title='bbox 773 1666 805 1753; x_wconf 83' lang='lat'>²)</span> <span class='ocrx_word' id='word_1_68' title='bbox 830 1668 1037 1730; x_wconf 88' lang='lat' dir='ltr'>vehementer</span> <span class='ocrx_word' id='word_1_69' title='bbox 1058 1667 1261 1749; x_wconf 82' lang='lat' dir='ltr'>displiceant,</span> <span class='ocrx_word' id='word_1_70' title='bbox 1286 1686 1325 1727; x_wconf 91' lang='lat' dir='ltr'>eo</span> <span class='ocrx_word' id='word_1_71' title='bbox 1391 1733 1395 1743; x_wconf 47' lang='grc'><em>,</em></span> 
     </span>
     <span class='ocr_line' id='line_1_11' title="bbox 243 1793 1325 1876; baseline -0.006 -15"><span class='ocrx_word' id='word_1_72' title='bbox 243 1809 352 1861; x_wconf 88' lang='lat' dir='ltr'>tamen</span> <span class='ocrx_word' id='word_1_73' title='bbox 396 1799 499 1858; x_wconf 88' lang='lat' dir='ltr'>minus</span> <span class='ocrx_word' id='word_1_74' title='bbox 542 1797 648 1876; x_wconf 87' lang='lat' dir='ltr'>spuria</span> <span class='ocrx_word' id='word_1_75' title='bbox 691 1816 760 1856; x_wconf 90' lang='lat' dir='ltr'>esse</span> <span class='ocrx_word' id='word_1_76' title='bbox 795 1796 962 1870; x_wconf 73' lang='lat' dir='ltr'>existin10‚</span> <span class='ocrx_word' id='word_1_77' title='bbox 1002 1794 1103 1875; x_wconf 81' lang='lat' dir='ltr'>quod.</span> <span class='ocrx_word' id='word_1_78' title='bbox 1124 1815 1203 1855; x_wconf 87' lang='lat' dir='ltr'>mox</span> <span class='ocrx_word' id='word_1_79' title='bbox 1237 1793 1325 1854; x_wconf 91' lang='lat' dir='ltr'>addit</span> 
     </span>
     <span class='ocr_line' id='line_1_12' title="bbox 244 1921 1325 2005; baseline -0.006 -18"><span class='ocrx_word' id='word_1_80' title='bbox 244 1925 417 2005; x_wconf 86' lang='lat' dir='ltr'>Trajanus:</span> <span class='ocrx_word' id='word_1_81' title='bbox 451 1923 565 2001; x_wconf 82' lang='lat' dir='ltr'>„Tunc</span> <span class='ocrx_word' id='word_1_82' title='bbox 588 1926 698 1983; x_wconf 85' lang='lat' dir='ltr'>autem</span> <span class='ocrx_word' id='word_1_83' title='bbox 722 1943 740 1982; x_wconf 91' lang='lat' dir='ltr'>a</span> <span class='ocrx_word' id='word_1_84' title='bbox 764 1922 896 2002; x_wconf 88' lang='lat' dir='ltr'>privatis</span> <span class='ocrx_word' id='word_1_85' title='bbox 920 1922 1004 2000; x_wconf 82' lang='lat' dir='ltr'>exigi</span> <span class='ocrx_word' id='word_1_86' title='bbox 1029 1941 1127 2005; x_wconf 90' lang='lat' dir='ltr'>opera</span> <span class='ocrx_word' id='word_1_87' title='bbox 1152 1921 1208 1982; x_wconf 90' lang='lat' dir='ltr'>tibi</span> <span class='ocrx_word' id='word_1_88' title='bbox 1231 1941 1325 1985; x_wconf 89' lang='lat' dir='ltr'>curae</span> 
     </span>
     <span class='ocr_line' id='line_1_13' title="bbox 221 2038 1324 2131; baseline -0.003 -18"><span class='ocrx_word' id='word_1_89' title='bbox 221 2038 223 2041; x_wconf 28' lang='lat'><strong><em>¹</em></strong></span> <span class='ocrx_word' id='word_1_90' title='bbox 244 2055 300 2127; x_wconf 90' lang='lat' dir='ltr'>sit,</span> <span class='ocrx_word' id='word_1_91' title='bbox 326 2072 399 2113; x_wconf 91' lang='lat' dir='ltr'>cum</span> <span class='ocrx_word' id='word_1_92' title='bbox 423 2051 586 2113; x_wconf 85' lang='lat' dir='ltr'>theatrum</span> <span class='ocrx_word' id='word_1_93' title='bbox 610 2060 741 2131; x_wconf 87' lang='lat' dir='ltr'>propter</span> <span class='ocrx_word' id='word_1_94' title='bbox 764 2050 852 2131; x_wconf 89' lang='lat' dir='ltr'>quod</span> <span class='ocrx_word' id='word_1_95' title='bbox 876 2050 1107 2131; x_wconf 85' lang='lat' dir='ltr'>illapromissa</span> <span class='ocrx_word' id='word_1_96' title='bbox 1119 2060 1193 2112; x_wconf 92' lang='lat' dir='ltr'>sunt</span> <span class='ocrx_word' id='word_1_97' title='bbox 1206 2052 1324 2112; x_wconf 87' lang='lat' dir='ltr'>lactum</span> 
     </span>
     <span class='ocr_line' id='line_1_14' title="bbox 244 2177 1327 2260; baseline -0.006 -18"><span class='ocrx_word' id='word_1_98' title='bbox 244 2178 334 2242; x_wconf 81' lang='lat' dir='ltr'>erit’&#39;.</span> <span class='ocrx_word' id='word_1_99' title='bbox 360 2180 409 2242; x_wconf 87' lang='lat' dir='ltr'>Ea</span> <span class='ocrx_word' id='word_1_100' title='bbox 433 2180 517 2240; x_wconf 89' lang='lat' dir='ltr'>enim</span> <span class='ocrx_word' id='word_1_101' title='bbox 542 2179 670 2258; x_wconf 82' lang='lat' dir='ltr'>egregie</span> <span class='ocrx_word' id='word_1_102' title='bbox 694 2198 766 2239; x_wconf 92' lang='lat' dir='ltr'>cum</span> <span class='ocrx_word' id='word_1_103' title='bbox 786 2178 843 2239; x_wconf 85' lang='lat' dir='ltr'>illis</span> <span class='ocrx_word' id='word_1_104' title='bbox 863 2179 1057 2240; x_wconf 86' lang='lat' dir='ltr'>conveniunt</span> <span class='ocrx_word' id='word_1_105' title='bbox 1072 2198 1156 2260; x_wconf 89' lang='lat' dir='ltr'>quae</span> <span class='ocrx_word' id='word_1_106' title='bbox 1169 2180 1199 2239; x_wconf 89' lang='lat' dir='ltr'>in</span> <span class='ocrx_word' id='word_1_107' title='bbox 1212 2177 1327 2257; x_wconf 86' lang='lat' dir='ltr'>Diges-</span> 
     </span>
     <span class='ocr_line' id='line_1_15' title="bbox 238 2304 1327 2386; baseline -0.003 -19"><span class='ocrx_word' id='word_1_108' title='bbox 238 2308 285 2368; x_wconf 85' lang='lat' dir='ltr'>tis</span> <span class='ocrx_word' id='word_1_109' title='bbox 317 2305 470 2386; x_wconf 87' lang='lat' dir='ltr'>legimus:</span> <span class='ocrx_word' id='word_1_110' title='bbox 506 2306 724 2386; x_wconf 81' lang='lat' dir='ltr'>„Pomponius</span> <span class='ocrx_word' id='word_1_111' title='bbox 755 2305 835 2366; x_wconf 88' lang='lat' dir='ltr'>libro</span> <span class='ocrx_word' id='word_1_112' title='bbox 866 2315 961 2367; x_wconf 84' lang='lat' dir='ltr'>sexto</span> <span class='ocrx_word' id='word_1_113' title='bbox 985 2304 1191 2386; x_wconf 88' lang='lat' dir='ltr'>epistolarum</span> <span class='ocrx_word' id='word_1_114' title='bbox 1216 2313 1248 2367; x_wconf 91' lang='lat' dir='ltr'>et</span> <span class='ocrx_word' id='word_1_115' title='bbox 1271 2325 1327 2365; x_wconf 85' lang='lat' dir='ltr'>va-</span> 
     </span>
     <span class='ocr_line' id='line_1_16' title="bbox 245 2431 1327 2513; baseline -0.002 -21"><span class='ocrx_word' id='word_1_116' title='bbox 245 2433 361 2493; x_wconf 89' lang='lat' dir='ltr'>riarum</span> <span class='ocrx_word' id='word_1_117' title='bbox 404 2432 594 2494; x_wconf 87' lang='lat' dir='ltr'>lectionum:</span> <span class='ocrx_word' id='word_1_118' title='bbox 638 2431 671 2494; x_wconf 86' lang='lat' dir='ltr'>Si</span> <span class='ocrx_word' id='word_1_119' title='bbox 712 2432 783 2513; x_wconf 89' lang='lat' dir='ltr'>quis</span> <span class='ocrx_word' id='word_1_120' title='bbox 818 2433 865 2492; x_wconf 90' lang='lat' dir='ltr'>sui</span> <span class='ocrx_word' id='word_1_121' title='bbox 901 2432 1033 2492; x_wconf 85' lang='lat' dir='ltr'>alienive</span> <span class='ocrx_word' id='word_1_122' title='bbox 1066 2431 1194 2492; x_wconf 89' lang='lat' dir='ltr'>honoris</span> <span class='ocrx_word' id='word_1_123' title='bbox 1229 2450 1327 2491; x_wconf 78' lang='lat' dir='ltr'>causa</span> 
     </span>
     <span class='ocr_line' id='line_1_17' title="bbox 245 2555 1327 2640; baseline -0.001 -22"><span class='ocrx_word' id='word_1_124' title='bbox 245 2580 327 2640; x_wconf 90' lang='lat' dir='ltr'>opus</span> <span class='ocrx_word' id='word_1_125' title='bbox 357 2559 514 2620; x_wconf 89' lang='lat' dir='ltr'>facturum</span> <span class='ocrx_word' id='word_1_126' title='bbox 547 2579 580 2619; x_wconf 84' lang='lat' dir='ltr'>se</span> <span class='ocrx_word' id='word_1_127' title='bbox 612 2560 642 2619; x_wconf 91' lang='lat' dir='ltr'>in</span> <span class='ocrx_word' id='word_1_128' title='bbox 667 2559 772 2640; x_wconf 90' lang='lat' dir='ltr'>aliqua</span> <span class='ocrx_word' id='word_1_129' title='bbox 797 2559 925 2620; x_wconf 87' lang='lat' dir='ltr'>civitate</span> <span class='ocrx_word' id='word_1_130' title='bbox 948 2559 1143 2639; x_wconf 85' lang='lat' dir='ltr'>promiserit,</span> <span class='ocrx_word' id='word_1_131' title='bbox 1169 2558 1210 2619; x_wconf 92' lang='lat' dir='ltr'>ad</span> <span class='ocrx_word' id='word_1_132' title='bbox 1233 2555 1327 2638; x_wconf 89' lang='lat' dir='ltr'>perfi-</span> 
     </span>
     <span class='ocr_line' id='line_1_18' title="bbox 245 2682 1330 2767; baseline -0.002 -21"><span class='ocrx_word' id='word_1_133' title='bbox 245 2686 393 2746; x_wconf 90' lang='lat' dir='ltr'>ciendum</span> <span class='ocrx_word' id='word_1_134' title='bbox 425 2695 492 2747; x_wconf 89' lang='lat' dir='ltr'>tam</span> <span class='ocrx_word' id='word_1_135' title='bbox 521 2687 588 2766; x_wconf 88' lang='lat' dir='ltr'>ipse</span> <span class='ocrx_word' id='word_1_136' title='bbox 613 2706 711 2767; x_wconf 85' lang='lat' dir='ltr'>quam</span> <span class='ocrx_word' id='word_1_137' title='bbox 734 2685 826 2746; x_wconf 91' lang='lat' dir='ltr'>heres</span> <span class='ocrx_word' id='word_1_138' title='bbox 850 2687 916 2746; x_wconf 81' lang='lat' dir='ltr'>eius</span> <span class='ocrx_word' id='word_1_139' title='bbox 940 2693 983 2747; x_wconf 84' lang='lat' dir='ltr'>ex</span> <span class='ocrx_word' id='word_1_140' title='bbox 1005 2686 1233 2747; x_wconf 89' lang='lat' dir='ltr'>constitutione</span> <span class='ocrx_word' id='word_1_141' title='bbox 1257 2682 1330 2745; x_wconf 76' lang='lat' dir='ltr'>divi</span> 
     </span>
     <span class='ocr_line' id='line_1_19' title="bbox 253 2808 727 2894; baseline 0.008 -24"><span class='ocrx_word' id='word_1_142' title='bbox 253 2808 282 2868; x_wconf 86' lang='lat' dir='ltr'><em>T</em></span> <span class='ocrx_word' id='word_1_143' title='bbox 278 2810 394 2892; x_wconf 75' lang='lat' dir='ltr'>rayiznz‘</span> <span class='ocrx_word' id='word_1_144' title='bbox 415 2811 576 2892; x_wconf 88' lang='lat' dir='ltr'>obligatus</span> <span class='ocrx_word' id='word_1_145' title='bbox 600 2811 679 2874; x_wconf 87' lang='lat' dir='ltr'>est’&#39;.</span> <span class='ocrx_word' id='word_1_146' title='bbox 698 2814 727 2894; x_wconf 78' lang='grc'>3)</span> 
     </span>
    </p>

    <p class='ocr_par' dir='ltr' id='par_1_8' title="bbox 177 2938 1330 3528">
     <span class='ocr_line' id='line_1_20' title="bbox 292 2938 1329 3020; baseline 0 -20"><span class='ocrx_word' id='word_1_147' title='bbox 292 2940 341 3000; x_wconf 85' lang='lat' dir='ltr'>At</span> <span class='ocrx_word' id='word_1_148' title='bbox 352 2959 429 2999; x_wconf 88' lang='lat' dir='ltr'>vero</span> <span class='ocrx_word' id='word_1_149' title='bbox 441 2938 558 2999; x_wconf 90' lang='lat' dir='ltr'>Plinius</span> <span class='ocrx_word' id='word_1_150' title='bbox 570 2948 646 3019; x_wconf 89' lang='lat' dir='ltr'>post</span> <span class='ocrx_word' id='word_1_151' title='bbox 659 2948 708 3000; x_wconf 91' lang='lat' dir='ltr'>tot</span> <span class='ocrx_word' id='word_1_152' title='bbox 720 2940 823 3001; x_wconf 86' lang='lat' dir='ltr'>irritos</span> <span class='ocrx_word' id='word_1_153' title='bbox 837 2950 971 3002; x_wconf 85' lang='lat' dir='ltr'>conatus</span> <span class='ocrx_word' id='word_1_154' title='bbox 984 2940 1067 3001; x_wconf 89' lang='lat' dir='ltr'>idem</span> <span class='ocrx_word' id='word_1_155' title='bbox 1081 2949 1191 3020; x_wconf 87' lang='lat' dir='ltr'>petere</span> <span class='ocrx_word' id='word_1_156' title='bbox 1201 2961 1265 3000; x_wconf 95' lang='lat' dir='ltr'>non</span> <span class='ocrx_word' id='word_1_157' title='bbox 1274 2941 1329 3000; x_wconf 89' lang='lat' dir='ltr'>de-</span> 
     </span>
     <span class='ocr_line' id='line_1_21' title="bbox 177 3059 1329 3148; baseline 0.001 -22"><span class='ocrx_word' id='word_1_158' title='bbox 177 3142 178 3146; x_wconf 9' lang='lat'><em>*</em></span> <span class='ocrx_word' id='word_1_159' title='bbox 217 3059 219 3063; x_wconf 37' lang='lat'>⁸</span> <span class='ocrx_word' id='word_1_160' title='bbox 247 3066 339 3127; x_wconf 88' lang='lat' dir='ltr'>sistit.</span> <span class='ocrx_word' id='word_1_161' title='bbox 361 3066 433 3145; x_wconf 89' lang='lat' dir='ltr'>Jam</span> <span class='ocrx_word' id='word_1_162' title='bbox 448 3085 495 3141; x_wconf 89' lang='lat' dir='ltr'>ea,</span> <span class='ocrx_word' id='word_1_163' title='bbox 509 3085 594 3146; x_wconf 87' lang='lat' dir='ltr'>quae</span> <span class='ocrx_word' id='word_1_164' title='bbox 606 3066 754 3146; x_wconf 84' lang='lat' dir='ltr'>proxime</span> <span class='ocrx_word' id='word_1_165' title='bbox 766 3068 918 3148; x_wconf 84' lang='lat' dir='ltr'>sequitur,</span> <span class='ocrx_word' id='word_1_166' title='bbox 932 3066 1068 3147; x_wconf 87' lang='lat' dir='ltr'>epistula</span> <span class='ocrx_word' id='word_1_167' title='bbox 1080 3087 1115 3127; x_wconf 87' lang='lat' dir='ltr'>se</span> <span class='ocrx_word' id='word_1_168' title='bbox 1126 3066 1230 3127; x_wconf 90' lang='lat' dir='ltr'>lacum</span> <span class='ocrx_word' id='word_1_169' title='bbox 1243 3065 1329 3127; x_wconf 88' lang='lat' dir='ltr'>haud</span> 
     </span>
     <span class='ocr_line' id='line_1_22' title="bbox 247 3191 1330 3270; baseline 0.003 -20"><span class='ocrx_word' id='word_1_170' title='bbox 247 3191 343 3270; x_wconf 81' lang='lat' dir='ltr'>longe</span> <span class='ocrx_word' id='word_1_171' title='bbox 367 3212 386 3250; x_wconf 87' lang='lat' dir='ltr'>a</span> <span class='ocrx_word' id='word_1_172' title='bbox 411 3191 598 3252; x_wconf 89' lang='lat' dir='ltr'>Nicomedia</span> <span class='ocrx_word' id='word_1_173' title='bbox 623 3192 702 3254; x_wconf 93' lang='lat' dir='ltr'>urbe</span> <span class='ocrx_word' id='word_1_174' title='bbox 725 3193 897 3254; x_wconf 86' lang='lat' dir='ltr'>distantem</span> <span class='ocrx_word' id='word_1_175' title='bbox 923 3195 1000 3254; x_wconf 88' lang='lat' dir='ltr'>mari</span> <span class='ocrx_word' id='word_1_176' title='bbox 1024 3195 1226 3256; x_wconf 86' lang='lat' dir='ltr'>committere</span> <span class='ocrx_word' id='word_1_177' title='bbox 1249 3193 1330 3255; x_wconf 87' lang='lat' dir='ltr'>velle</span> 
     </span>
     <span class='ocr_line' id='line_1_23' title="bbox 248 3317 1327 3410; baseline 0.002 -32"><span class='ocrx_word' id='word_1_178' title='bbox 248 3317 357 3385; x_wconf 85' lang='lat' dir='ltr'>scribit</span> <span class='ocrx_word' id='word_1_179' title='bbox 379 3338 479 3399; x_wconf 90' lang='lat' dir='ltr'>quare</span> <span class='ocrx_word' id='word_1_180' title='bbox 502 3317 725 3410; x_wconf 62' lang='lat' dir='ltr'>„libratorem</span> <span class='ocrx_word' id='word_1_181' title='bbox 752 3320 870 3400; x_wconf 88' lang='lat' dir='ltr'>inquit,</span> <span class='ocrx_word' id='word_1_182' title='bbox 895 3319 945 3380; x_wconf 90' lang='lat' dir='ltr'>vel</span> <span class='ocrx_word' id='word_1_183' title='bbox 969 3318 1177 3382; x_wconf 81' lang='lat' dir='ltr'>architectum</span> <span class='ocrx_word' id='word_1_184' title='bbox 1201 3322 1327 3401; x_wconf 77' lang='lat' dir='ltr'>mittaS‚</span> 
     </span>
     <span class='ocr_line' id='line_1_24' title="bbox 248 3443 1329 3528; baseline 0.006 -25"><span class='ocrx_word' id='word_1_185' title='bbox 248 3444 303 3525; x_wconf 91' lang='lat' dir='ltr'>qui</span> <span class='ocrx_word' id='word_1_186' title='bbox 332 3443 499 3523; x_wconf 87' lang='lat' dir='ltr'>diligenter</span> <span class='ocrx_word' id='word_1_187' title='bbox 531 3446 693 3525; x_wconf 87' lang='lat' dir='ltr'>exploret,</span> <span class='ocrx_word' id='word_1_188' title='bbox 725 3446 766 3506; x_wconf 87' lang='lat' dir='ltr'>sit</span> <span class='ocrx_word' id='word_1_189' title='bbox 796 3466 835 3506; x_wconf 89' lang='lat' dir='ltr'>nc</span> <span class='ocrx_word' id='word_1_190' title='bbox 858 3446 945 3507; x_wconf 87' lang='lat' dir='ltr'>lacus</span> <span class='ocrx_word' id='word_1_191' title='bbox 969 3448 1062 3509; x_wconf 87' lang='lat' dir='ltr'>altior</span> <span class='ocrx_word' id='word_1_192' title='bbox 1085 3450 1162 3510; x_wconf 75' lang='lat' dir='ltr'>nra&#39;ri</span> <span class='ocrx_word' id='word_1_193' title='bbox 1186 3447 1268 3510; x_wconf 87' lang='lat' dir='ltr'>etc.’&#39;</span> <span class='ocrx_word' id='word_1_194' title='bbox 1287 3450 1329 3528; x_wconf 68' lang='lat' dir='ltr'>l).</span> 
     </span>
    </p>

    <p class='ocr_par' dir='ltr' id='par_1_9' title="bbox 249 3570 1330 3779">
     <span class='ocr_line' id='line_1_25' title="bbox 294 3570 1329 3654; baseline 0.003 -23"><span class='ocrx_word' id='word_1_195' title='bbox 294 3570 366 3650; x_wconf 81' lang='lat' dir='ltr'>Qua</span> <span class='ocrx_word' id='word_1_196' title='bbox 387 3570 484 3650; x_wconf 87' lang='lat' dir='ltr'>legati</span> <span class='ocrx_word' id='word_1_197' title='bbox 505 3571 679 3651; x_wconf 90' lang='lat' dir='ltr'>pertinacia</span> <span class='ocrx_word' id='word_1_198' title='bbox 698 3572 801 3633; x_wconf 88' lang='lat' dir='ltr'>victus</span> <span class='ocrx_word' id='word_1_199' title='bbox 822 3573 851 3633; x_wconf 87' lang='lat' dir='ltr'>T</span> <span class='ocrx_word' id='word_1_200' title='bbox 853 3572 978 3654; x_wconf 86' lang='lat' dir='ltr'>rajanus</span> <span class='ocrx_word' id='word_1_201' title='bbox 999 3595 1061 3635; x_wconf 93' lang='lat' dir='ltr'>non</span> <span class='ocrx_word' id='word_1_202' title='bbox 1084 3585 1208 3637; x_wconf 90' lang='lat' dir='ltr'>tantum</span> <span class='ocrx_word' id='word_1_203' title='bbox 1230 3576 1329 3636; x_wconf 90' lang='lat' dir='ltr'>Plinio</span> 
     </span>
     <span class='ocr_line' id='line_1_26' title="bbox 249 3695 1330 3779; baseline 0.005 -24"><span class='ocrx_word' id='word_1_204' title='bbox 249 3696 404 3776; x_wconf 89' lang='lat' dir='ltr'>permittit</span> <span class='ocrx_word' id='word_1_205' title='bbox 425 3705 460 3757; x_wconf 94' lang='lat' dir='ltr'>ut</span> <span class='ocrx_word' id='word_1_206' title='bbox 480 3695 664 3758; x_wconf 84' lang='lat' dir='ltr'>libratorem</span> <span class='ocrx_word' id='word_1_207' title='bbox 685 3719 702 3758; x_wconf 88' lang='lat' dir='ltr'>a</span> <span class='ocrx_word' id='word_1_208' title='bbox 717 3698 888 3779; x_wconf 87' lang='lat' dir='ltr'>Calpurnio</span> <span class='ocrx_word' id='word_1_209' title='bbox 902 3699 1012 3760; x_wconf 86' lang='lat' dir='ltr'>Macro</span> <span class='ocrx_word' id='word_1_210' title='bbox 1026 3701 1175 3761; x_wconf 86' lang='lat' dir='ltr'>inferioris</span> <span class='ocrx_word' id='word_1_211' title='bbox 1187 3701 1330 3761; x_wconf 87' lang='lat' dir='ltr'>Moesiae</span> 
     </span>
    </p>
   </div>
   <div class='ocr_carea' id='block_1_6' title="bbox 248 3823 1329 3907">
    <p class='ocr_par' dir='ltr' id='par_1_10' title="bbox 248 3823 1329 3907">
     <span class='ocr_line' id='line_1_27' title="bbox 248 3823 1329 3907; baseline 0.006 -25"><span class='ocrx_word' id='word_1_212' title='bbox 248 3823 357 3902; x_wconf 89' lang='lat' dir='ltr'>legato</span> <span class='ocrx_word' id='word_1_213' title='bbox 378 3833 476 3902; x_wconf 84' lang='lat' dir='ltr'>petat,</span> <span class='ocrx_word' id='word_1_214' title='bbox 499 3823 554 3883; x_wconf 81' lang='lat' dir='ltr'>sed</span> <span class='ocrx_word' id='word_1_215' title='bbox 574 3832 606 3886; x_wconf 90' lang='lat' dir='ltr'>et</span> <span class='ocrx_word' id='word_1_216' title='bbox 627 3826 834 3905; x_wconf 85' lang='lat' dir='ltr'>semetipsum</span> <span class='ocrx_word' id='word_1_217' title='bbox 848 3826 1010 3906; x_wconf 84' lang='lat' dir='ltr'>„aliquem</span> <span class='ocrx_word' id='word_1_218' title='bbox 1023 3828 1160 3907; x_wconf 86' lang='lat' dir='ltr'>peritum</span> <span class='ocrx_word' id='word_1_219' title='bbox 1174 3828 1329 3889; x_wconf 88' lang='lat' dir='ltr'>eiusmodi</span> 
     </span>
    </p>
   </div>
   <div class='ocr_carea' id='block_1_7' title="bbox 250 3947 932 4031">
    <p class='ocr_par' dir='ltr' id='par_1_11' title="bbox 250 3947 932 4031">
     <span class='ocr_line' id='line_1_28' title="bbox 250 3947 932 4031; baseline 0.003 -21"><span class='ocrx_word' id='word_1_220' title='bbox 250 3947 406 4030; x_wconf 85' lang='lat' dir='ltr'>operum’&#39;</span> <span class='ocrx_word' id='word_1_221' title='bbox 432 3950 490 4029; x_wconf 86' lang='lat' dir='ltr'>ipsi</span> <span class='ocrx_word' id='word_1_222' title='bbox 514 3950 684 4011; x_wconf 83' lang='lat' dir='ltr'>missurum</span> <span class='ocrx_word' id='word_1_223' title='bbox 709 3951 876 4031; x_wconf 85' lang='lat' dir='ltr'>pollicetur</span> <span class='ocrx_word' id='word_1_224' title='bbox 892 3954 932 4031; x_wconf 70' lang='grc' dir='ltr'>ὅ).</span> 
     </span>
    </p>
   </div>
   <div class='ocr_carea' id='block_1_8' title="bbox 253 4140 445 4149">
    <p class='ocr_par' dir='ltr' id='par_1_12' title="bbox 253 4140 445 4149">
     <span class='ocr_line' id='line_1_29' title="bbox 253 4140 445 4149; baseline -0.005 0"><span class='ocrx_word' id='word_1_225' title='bbox 253 4140 445 4149; x_wconf 67' lang='grc'>.------</span> 
     </span>
    </p>
   </div>
   <div class='ocr_carea' id='block_1_9' title="bbox 287 4274 1234 4424">
    <p class='ocr_par' dir='ltr' id='par_1_13' title="bbox 287 4274 1234 4424">
     <span class='ocr_line' id='line_1_30' title="bbox 288 4274 914 4342; baseline 0.01 -20"><span class='ocrx_word' id='word_1_226' title='bbox 288 4274 307 4335; x_wconf 84' lang='lat'>¹)</span> <span class='ocrx_word' id='word_1_227' title='bbox 326 4277 355 4326; x_wconf 82' lang='lat' dir='ltr'>T.</span> <span class='ocrx_word' id='word_1_228' title='bbox 373 4290 413 4337; x_wconf 79' lang='lat'>40.</span> <span class='ocrx_word' id='word_1_229' title='bbox 657 4277 675 4339; x_wconf 78' lang='lat'>²)</span> <span class='ocrx_word' id='word_1_230' title='bbox 696 4279 788 4341; x_wconf 80' lang='lat' dir='ltr'>Ussing</span> <span class='ocrx_word' id='word_1_231' title='bbox 804 4278 831 4328; x_wconf 83' lang='lat' dir='ltr'>ll.</span> <span class='ocrx_word' id='word_1_232' title='bbox 849 4295 873 4342; x_wconf 92' lang='lat' dir='ltr'>p.</span> <span class='ocrx_word' id='word_1_233' title='bbox 891 4293 914 4339; x_wconf 91' lang='lat'>9.</span> 
     </span>
     <span class='ocr_line' id='line_1_31' title="bbox 287 4352 1234 4424; baseline 0.01 -23"><span class='ocrx_word' id='word_1_234' title='bbox 287 4352 307 4419; x_wconf 79' lang='lat'>⁸)</span> <span class='ocrx_word' id='word_1_235' title='bbox 327 4355 432 4416; x_wconf 86' lang='lat' dir='ltr'>Digesta</span> <span class='ocrx_word' id='word_1_236' title='bbox 450 4368 489 4418; x_wconf 79' lang='lat'>50,</span> <span class='ocrx_word' id='word_1_237' title='bbox 511 4370 547 4416; x_wconf 84' lang='lat'>12,</span> <span class='ocrx_word' id='word_1_238' title='bbox 570 4369 605 4418; x_wconf 77' lang='lat'>¹4·</span> <span class='ocrx_word' id='word_1_239' title='bbox 808 4355 829 4418; x_wconf 84' lang='lat'>⁴)</span> <span class='ocrx_word' id='word_1_240' title='bbox 848 4357 877 4407; x_wconf 89' lang='lat' dir='ltr'>T.</span> <span class='ocrx_word' id='word_1_241' title='bbox 895 4371 935 4418; x_wconf 88' lang='lat'>41.</span> <span class='ocrx_word' id='word_1_242' title='bbox 1106 4359 1128 4424; x_wconf 83' lang='lat'>⁵)</span> <span class='ocrx_word' id='word_1_243' title='bbox 1148 4361 1176 4411; x_wconf 90' lang='lat' dir='ltr'>T.</span> <span class='ocrx_word' id='word_1_244' title='bbox 1194 4374 1234 4422; x_wconf 68' lang='lat'>42,</span> 
     </span>
    </p>
   </div>
   <div class='ocr_carea' id='block_1_10' title="bbox 0 0 1577 5130">
    <p class='ocr_par' dir='ltr' id='par_1_14' title="bbox 0 0 1577 5130">
     <span class='ocr_line' id='line_1_32' title="bbox 0 0 1577 5130; baseline 0 0"><span class='ocrx_word' id='word_1_245' title='bbox 0 0 1577 5130; x_wconf 95' lang='lat' dir='ltr'> </span> 
     </span>
    </p>
   </div>
  </div>
 </body>
</html>
