3114 5130
773 455 812 533 83

244 635 272 695 le
296 635 418 712 Christ,
444 642 536 718 apres
560 641 649 701 avoir
671 641 771 707 rendu
795 662 861 703 aux
884 652 1007 704 statues
1031 643 1087 704 des
1111 644 1209 705 dieux
1234 645 1319 706 etde

243 759 432 844 l'empereur
455 764 500 825 les
524 765 715 847 hommages
739 767 831 848 qu'ils
855 768 923 829 leur
941 768 1123 831 devaient.'’
1142 770 1164 851 ⁸)

287 889 505 953 Vehementer
528 892 590 953 hoc
613 893 684 954 loco
708 894 834 954 videtur
858 915 961 956 errare
984 896 1156 957 Puteanus,
1183 897 1321 958 Incredi-

243 1008 339 1077 bilem
374 1019 458 1078 enim
495 1018 579 1079 illam
610 1019 698 1080 Plinii
729 1020 963 1100 ignorationem
996 1031 1032 1082 ut
1056 1022 1223 1097 omittam,
1249 1023 1321 1103 quis

243 1143 304 1204 hoc
328 1146 428 1206 nescit
452 1144 650 1207 Christianos
674 1148 859 1226 saepissime
882 1149 981 1207 immo
1004 1148 1103 1228 vulgo
1128 1169 1197 1209 esse
1213 1149 1321 1228 jussos

243 1271 477 1351 Imperatorum
492 1273 684 1352 imaginibus
697 1284 729 1335 et
741 1275 875 1335 deorum
888 1274 1063 1335 simulacris
1076 1285 1132 1337 aut
1145 1286 1197 1337 tus
1209 1275 1320 1337 offerre

208 1428 211 1432 ⁴
242 1413 298 1459 aut
321 1399 522 1480 supplicare?
545 1400 642 1481 Quod
662 1402 792 1481 quidem
809 1401 965 1481 exemplis
977 1402 1198 1463 demonstrare
1210 1382 1320 1482 super-

243 1547 421 1586 vacaneum
445 1547 548 1607 paene
561 1528 695 1588 uidetur.
710 1527 888 1607 Polycarpo
900 1529 1030 1609 quidem
1044 1530 1196 1609 episcopo
1208 1528 1320 1608 Smyr-

242 1655 331 1714 nensi
344 1690 386 1698 -
400 1655 543 1714 nondum
570 1667 609 1731 50
633 1656 723 1715 annis
746 1664 820 1734 post
841 1653 929 1715 Plinii
942 1654 1135 1735 legationem
1149 1655 1263 1736 elapsis
1276 1692 1319 1701 -

243 1782 393 1843 dixerunt
427 1780 614 1842 lrenarchus
651 1781 797 1842 Herodes
833 1792 865 1843 et
889 1792 980 1862 pater
1004 1783 1146 1843 eiusdem
1172 1783 1318 1845 Nicetes:

243 1912 297 1984 „ri
317 1906 381 1990 γὰρ
401 1912 493 1969 κακόν
512 1910 592 1969 ἐστιν
611 1908 700 1969 εἰπεῖν
720 1906 815 1992 Κύριε
830 1906 958 1993 Καῖσαρ
978 1913 1029 1970 καὶ
1050 1905 1144 1970 θῦσαι
1163 1907 1319 1989 antinoi&-

241 2029 337 2108 σθαις
369 2035 483 2115 Neque
514 2037 619 2097 minus
643 2036 810 2115 perspicue
833 2056 875 2096 ex
903 2037 1045 2097 eiusdem
1069 2038 1111 2098 rei
1139 2038 1319 2098 narratione

243 2172 376 2242 apparet
410 2183 472 2222 nou
504 2183 574 2223 esse
601 2163 688 2244 quod
721 2164 871 2223 miremur
902 2164 1035 2224 Plinium
1061 2164 1319 2243 coegisseChri-

243 2288 362 2347 stianos
383 2298 418 2349 ut
442 2288 525 2348 male
546 2289 686 2351 dicerent
707 2288 850 2363 Christo·
864 2265 1079 2372 (quamquam
1092 2291 1122 2350 id
1135 2292 1240 2370 ipsum
1255 2310 1316 2351 non

242 2425 352 2494 aperte
384 2416 460 2476 dicit
496 2415 625 2496 Plinius)
655 2417 685 2477 id
718 2418 822 2496 ipsum
855 2417 938 2476 enim
971 2416 1079 2495 jussus
1102 2415 1316 2496 Polycarpus:

242 2539 453 2618 ’Oydoiiuovra
484 2545 537 2603 uoci
564 2542 600 2618 ἓξ
624 2545 676 2618 ἔτη
700 2544 802 2624 inquit
826 2544 953 2604 deuterio
978 2543 1061 2620 αὐτῷ
1086 2543 1241 2625 (Christo)
1266 2547 1318 2604 καὶ

241 2669 322 2730 οὐδέν
353 2693 394 2748 με
425 2669 541 2746 ἠδίκησε
567 2672 620 2730 καὶ
650 2674 708 2738 πῶς
733 2670 867 2748 δύναμαι
891 2668 1125 2749 βλασφημῆσαι
1149 2669 1200 2730 τὸν
1224 2667 1317 2730 Βασι-

240 2798 298 2857 λέα·
322 2821 382 2876 μου
405 2796 456 2859 τὸν
478 2796 622 2858 σώσαντοέ
646 2796 724 2875 με;”
738 2795 766 2877 ²)

268 2925 371 3005 ¹Quid
395 2944 472 2984 vero
496 2924 620 2984 falsario
644 2924 701 2998 ini,
726 2944 823 3004 quem
850 2923 969 3003 ubique
988 2923 1141 3009 qdoratur
1152 2924 1316 2984 Puteanus

239 3072 313 3113 cum
341 3051 489 3130 Judaeis?
520 3050 585 3112 Cur
615 3052 697 3111 enim
730 3050 893 3112 fraudator
923 3049 973 3110 ille
997 3070 1100 3128 nugas
1124 3059 1156 3110 et
1181 3049 1317 3128 ineptias

239 3178 318 3239 tales
339 3176 494 3257 epistulae
506 3213 549 3221 —-
561 3186 656 3238 caute
668 3177 825 3237 confictae
837 3177 955 3238 scilicet
968 3211 1011 3220 —-
1025 3175 1108 3238 ultro
1121 3175 1316 3237 addidisset?

240 3300 352 3363 Solent
380 3303 465 3362 enim
496 3303 553 3363 viri
584 3302 670 3364 docti
694 3323 767 3363 cum
792 3304 832 3363 de
855 3303 1153 3383 interpolationibus
1177 3304 1315 3382 suspicio

239 3431 354 3503 oritur,
387 3449 555 3510 quaerere,
587 3429 754 3510 quomodo
777 3429 861 3489 fraus
885 3428 955 3490 talis
979 3430 1009 3489 in
1035 3430 1212 3490 orationem
1237 3429 1316 3488 inre·

192 3605 194 3608 ,
240 3576 314 3636 pere
335 3557 484 3636 potuerit.
510 3553 543 3616 Si
564 3557 660 3635 igitur
684 3556 823 3615 Romani
847 3556 1054 3634 magistratus
1081 3575 1144 3616 non
1169 3554 1316 3615 solebant

238 3703 354 3764 cogere
377 3682 575 3746 Christianos
602 3693 636 3744 ut
660 3682 789 3744 Christo
814 3681 897 3741 male
916 3681 1071 3755 dicerent,
1093 3701 1248 3761 quorsum
1261 3680 1315 3741 fal-

238 3812 337 3872 sarius
363 3811 529 3871 mendacio
553 3808 719 3869 manifesto
743 3808 913 3888 epistulam
938 3809 1021 3871 ultro
1047 3808 1211 3870 notasset?

276 4190 294 4254 ¹)
314 4193 406 4254 Dupuy
423 4193 449 4238 ll.
468 4208 492 4254 p.
514 4203 567 4252 191.

273 4269 293 4326 ι3,
311 4270 403 4317 Euseb.
431 4270 496 4319 llist.
519 4270 606 4316 Eecles
632 4271 668 4316 IV
689 4281 725 4333 15.
743 4271 785 4320 cfr.
804 4271 835 4317 de
853 4271 921 4318 hisce
939 4279 963 4318 et
982 4271 1054 4318 Aube
1072 4271 1090 4318 ll
1117 4287 1159 4334 pp.
1178 4284 1227 4333 320
1244 4286 1313 4333 seqq.

238 4349 328 4397 Allard
344 4349 371 4398 ll.
388 4365 430 4412 pp.
448 4348 497 4409 296
514 4365 582 4412 seqq.
