3114 5130
769 475 812 540 79

236 645 455 708 l’obstination
491 656 524 708 et
556 646 794 720 l'entetement,
831 647 938 707 disons
969 647 998 708 la
1027 656 1200 708 constance
1231 657 1263 709 et
1286 646 1317 707 la

236 773 384 848 hermete,
409 794 536 834 comme
559 773 615 834 des
639 773 732 835 delits
756 794 799 834 ou
823 774 879 834 des
904 775 1016 834 crimes
1036 773 1268 854 punissables.''
1287 774 1315 855 ¹)

236 900 364 975 PauciS‚
401 910 476 981 post
510 921 549 961 ea
584 921 668 982 quae
701 921 797 982 supra
829 901 1064 982 disputavimus
1095 901 1135 962 ad
1167 901 1246 962 haec
1271 922 1318 962 re-

236 1026 394 1106 spondere
418 1026 563 1088 sufficiat.
590 1028 637 1090 Ut
661 1029 745 1088 enim
770 1027 831 1088 hoc
857 1029 1006 1089 omittam
1030 1029 1138 1088 omnia
1162 1049 1225 1108 que
1245 1048 1317 1108 pro-

237 1281 356 1342 tentiae
391 1281 496 1356 inniti,
532 1302 597 1362 qua
631 1301 742 1342 eversa
773 1283 880 1342 omnia
913 1281 995 1343 ultro
1026 1291 1194 1357 corrunnt,
1227 1282 1315 1362 quis,

238 1408 392 1469 Hercule!
429 1409 572 1489 ignorat,
609 1430 646 1470 ea
680 1409 868 1471 crudelitate
899 1419 931 1471 et
963 1410 1095 1470 saevitia
1126 1428 1190 1468 non
1216 1428 1314 1469 unum

237 1535 372 1596 Plinium
406 1536 463 1596 sed
497 1535 668 1616 plerosque
705 1535 774 1596 illos
807 1537 1014 1615 magistratus
1041 1536 1095 1615 qui
1119 1533 1316 1596 Christianos

237 1663 396 1744 persecuti
430 1663 492 1724 sint
529 1683 604 1724 usos
635 1682 704 1722 esse
736 1672 770 1724 ut
802 1662 932 1723 eosdem
955 1661 998 1722 ob
1022 1661 1123 1722 solam
1146 1660 1315 1723 Christiani

238 1789 374 1850 nominis
393 1789 623 1850 confessionem
645 1799 749 1850 morte
769 1788 939 1869 punirent?
959 1789 1073 1869 Neque
1085 1809 1162 1849 sane
1173 1787 1315 1868 plerique

237 1917 469 1998 Imperatorem
493 1917 532 1978 de
552 1908 590 1978 ea
610 1937 643 1977 re
662 1916 894 1977 consulendum
907 1936 976 1977 esse
989 1915 1228 1976 existimabant.
1243 1914 1315 1974 Hoc

238 2044 288 2104 vel
312 2063 351 2104 eo
375 2045 479 2104 minus
503 2044 533 2103 in
557 2042 656 2103 Plinio
676 2042 767 2103 nobis
789 2043 903 2103 mirum
916 2043 1063 2104 videatur
1075 2050 1213 2123 oportet,
1227 2027 1326 2122 quod'

240 2172 282 2230 et
302 2168 422 2230 multae
445 2178 535 2230 erant
560 2168 639 2230 aliae
662 2168 748 2249 leges
773 2168 837 2249 (vel
864 2178 990 2249 praeter
1014 2167 1107 2228 illud:
1131 2188 1218 2245 „non
1242 2167 1314 2229 licet

238 2316 309 2357 esse
332 2293 565 2379 Christianos'')
593 2331 630 2341 -
657 2306 691 2357 ut
715 2297 782 2376 ipse
806 2296 923 2357 fatetur
943 2295 1081 2356 Aubeus
1099 2295 1128 2375 ²)
1143 2295 1315 2375 —quibus

239 2423 408 2486 Christiani
421 2433 453 2485 et
464 2422 618 2504 postulari
631 2432 663 2484 et
675 2422 882 2483 condemnari
894 2431 1060 2502 poterant,
1074 2421 1150 2482 etin
1163 2419 1316 2500 Bithynia

237 2552 424 2632 praesertim
458 2551 637 2631 provincia,
675 2551 705 2610 in
741 2570 805 2630 qua
840 2569 913 2610 cum
938 2550 1080 2610 maxime
1104 2550 1134 2609 in
1158 2548 1316 2610 hetaerias

237 2680 354 2742 Plinius
375 2678 571 2760 inquirebat,
593 2680 662 2758 ipso
683 2678 860 2739 sodalitatis
881 2677 1005 2739 illicitae
1023 2678 1152 2738 nomine
1164 2676 1315 2758 puniendi

237 2805 438 2867 videbantur.
453 2806 479 2886 3)

282 2933 391 3015 Quam
413 2952 527 3013 parum
547 2953 623 2993 vero
642 2931 782 2999 Romani
794 2931 1000 2993 humiliorum
1013 2931 1190 3008 hominum,
1205 2931 1317 3012 quales

237 3059 380 3140 plerique
411 3068 502 3120 erant
533 3058 702 3120 Christiani
729 3059 918 3138 sanguinem
942 3067 974 3119 et
998 3058 1153 3138 supplicia
1176 3060 1318 3120 curarint

238 3195 270 3247 et
301 3185 382 3246 bene
413 3195 582 3265 exponunt
605 3185 776 3266 scriptores
800 3185 992 3245 recentiores
1019 3204 1082 3245 non
1108 3181 1260 3267 paucist)
1283 3193 1315 3245 et

237 3333 279 3374 ex
302 3314 400 3393 ipsius
423 3312 511 3373 Plinii
536 3313 660 3394 scriptis
684 3313 761 3373 satis
785 3320 928 3392 apparet.

283 3439 459 3501 Notissima
490 3439 634 3520 prolecto
664 3459 761 3499 causa
793 3447 841 3499 est
872 3438 964 3498 Marii
988 3437 1099 3511 Prisci,
1124 3456 1222 3517 quem
1247 3437 1315 3516 ipse

238 3567 355 3628 Plinius
379 3576 488 3627 noster
510 3586 622 3644 „reum
646 3564 791 3647 peregit’'
816 3575 848 3626 et
871 3565 1108 3626 condemnavit.
1124 3560 1149 3646 ⁵)
1181 3562 1244 3644 Qui
1271 3563 1318 3622 vir

164 3695 165 3699 ’
237 3714 311 3755 cum
336 3693 465 3754 Africae
488 3714 546 3774 pro
570 3694 699 3755 consule
725 3703 886 3773 praeesset
906 3693 988 3753 intra
1002 3711 1122 3752 annum
1136 3710 1235 3751 unum
1248 3700 1316 3752 tam

275 3957 291 4018 ¹)
310 3960 385 4006 Aube
402 3959 428 4010 ll.
447 3976 471 4022 p.
489 3971 546 4008 212.

271 4037 293 4096 θ)
312 4039 386 4086 Aube
402 4038 430 4088 ll.
448 4055 489 4100 pp.
511 4037 556 4098 189
574 4052 643 4100 seqq.

274 4115 293 4176 ⁸)
311 4117 354 4164 csr.
371 4124 395 4164 ct
413 4116 534 4164 Merivale
551 4116 577 4166 ll,
596 4132 638 4179 pp.
660 4127 704 4176 142
722 4131 776 4178 sqq.

273 4195 294 4257 ⁴)
313 4195 355 4245 csr.
381 4196 445 4242 inter
471 4195 533 4242 alios
560 4196 587 4242 P.
614 4193 712 4242 Allarrl.
733 4193 845 4240 Histoire
863 4193 906 4240 des
924 4193 1096 4241 Persecutions
1114 4193 1187 4242 Tom.
1207 4192 1218 4238 l
1236 4192 1316 4237 Intro·

237 4275 340 4322 duction
358 4292 400 4338 pp.
417 4274 528 4320 XXXIV
547 4289 597 4336 seq.

274 4351 295 4416 ⁸)
314 4353 356 4404 cir.
374 4353 438 4401 Plin.
456 4353 520 4416 Epp.
539 4352 564 4399 Il
585 4364 622 4411 11,
644 4364 681 4402 12.
