3114 5130
759 499 798 561 19

239 670 440 731 Novembres
472 671 614 731 eiusdem
649 671 723 730 anni
755 669 835 729 libro
866 689 925 728 suo
958 667 1187 749 praefationem
1217 668 1317 750 adpo-

237 800 344 859 suerit.
370 799 464 861 Unde
488 798 567 858 haec
591 799 687 877 igitur
711 797 835 857 haurire
859 797 964 877 potuit
978 798 1090 858 nisiex
1103 796 1317 877 ipsocodice?

239 926 353 1006 Neque
376 926 460 985 enim
485 923 530 985 fas
555 935 603 985 est
626 925 789 998 dubitare,
815 925 891 1003 quin
915 925 980 997 vir,
1001 924 1201 1004 antiquitatis
1213 923 1317 983 omnis

239 1044 305 1112 tam
340 1051 519 1129 studiosus,
554 1052 643 1111 cuius
678 1050 754 1110 olim
782 1059 891 1130 pater,
916 1063 986 1110 tum
1010 1049 1121 1123 frater,
1148 1069 1227 1109 mox
1251 1049 1318 1128 ipse

240 1176 451 1239 bibliothecae
481 1177 666 1256 scriniisque
698 1175 957 1238 Christianissimi
989 1177 1071 1255 regis
1094 1173 1317 1256 praefuerunt,

238 1304 342 1382 ipsum
372 1302 515 1363 codicem
546 1303 669 1363 Parisiis
703 1322 803 1381 nuper
835 1303 1020 1376 inventum,
1046 1302 1126 1374 suis,
1153 1311 1188 1361 ut
1211 1301 1316 1373 aiunt,

237 1430 336 1490 oculis
359 1431 545 1509 inspexerit.
567 1429 594 1510 ¹)

283 1557 397 1637 Neque
409 1557 587 1636 quidquam
599 1555 685 1616 valet
698 1555 785 1635 quod
798 1555 839 1616 ll.
854 1556 989 1635 opponit
1002 1553 1167 1628 Schaedel,
1180 1555 1251 1614 ideo
1261 1555 1318 1613 sibi

238 1706 301 1745 non
314 1685 412 1744 videri
425 1684 567 1745 codicem
580 1685 684 1763 ipsum
698 1704 716 1744 a
729 1684 861 1743 Budaeo
874 1703 943 1743 esse
956 1682 1134 1744 adhibitum
1144 1683 1242 1763 quod,
1252 1702 1319 1762 quo

240 1824 386 1893 tempore
416 1811 466 1872 ille
497 1812 640 1872 codicem
672 1812 796 1872 Parisiis
829 1812 947 1871 seruari
977 1810 1199 1872 affirmaverit:
1228 1809 1320 1887 „Nos

240 1941 401 2018 integrum
437 1937 534 1998 ferme
568 1939 702 1999 Plinium
727 1937 904 1999 habemus''
931 1938 1029 2020 (Nou.
1058 1938 1174 2019 1508),
1205 1938 1318 1998 eodem

242 2065 349 2125 Aldus
373 2064 510 2124 eundem
536 2083 570 2123 se
593 2064 738 2125 Veneriis
759 2062 911 2124 habuisse
930 2074 962 2125 et
981 2065 1176 2144 expressisse
1188 2074 1319 2124 conten-

240 2191 321 2251 derit
360 2191 390 2266 (a
428 2190 595 2250 Moceuico
630 2190 671 2250 ad
706 2210 740 2250 se
774 2188 923 2274 allatum)
934 2211 941 2266 ;
979 2189 1039 2269 nil,
1075 2191 1221 2271 inquam,
1258 2191 1320 2251 hoc

240 2317 334 2378 valet.
383 2317 448 2378 Cur
489 2318 573 2377 enim
618 2317 768 2377 Budaeus
811 2338 874 2378 non
917 2327 1093 2398 antequam
1129 2320 1158 2379 in
1195 2318 1319 2379 ltaliam

240 2444 414 2505 deferretur
448 2444 590 2504 codicem
622 2445 777 2524 inspicere
801 2443 927 2525 potuit?
960 2443 1024 2505 Sed
1051 2465 1112 2504 non
1140 2445 1211 2526 plus
1235 2445 1320 2505 valet

241 2571 329 2651 quod
353 2571 443 2631 addit
467 2571 550 2630 idem
574 2571 622 2631 vir
644 2571 866 2648 doctissimus,
891 2572 1004 2632 eadem
1027 2592 1158 2652 quoque
1176 2573 1274 2632 verba
1289 2573 1320 2631 in

241 2697 340 2758 altera
371 2695 511 2757 eiusdem
544 2698 649 2777 operis
681 2698 820 2758 editione
851 2695 939 2781 (anni
968 2696 1067 2779 1516)
1100 2699 1179 2778 legi:
1210 2699 1320 2779 quidni

241 2828 325 2886 enim
357 2826 499 2886 codicem
528 2826 570 2886 ab
602 2826 690 2886 Aldo
714 2826 848 2886 Parisios
873 2827 1039 2887 remissum
1065 2847 1135 2886 esse
1158 2827 1320 2887 existime-

235 2952 333 3013 mus?
365 2952 426 3027 Et,
461 2961 496 3013 ut
528 2952 715 3026 admittam,
748 2953 779 3012 in
810 2952 909 3014 altera
933 2953 1071 3014 editione
1094 2955 1206 3034 prioris
1230 2974 1320 3034 prae-

241 3078 367 3140 fationis
391 3078 489 3139 verba
514 3099 583 3139 esse
607 3080 758 3159 repetita,
781 3099 854 3139 curn
875 3081 980 3140 codex
993 3082 1089 3142 etiam
1103 3090 1172 3141 tuni
1185 3082 1321 3142 Venitiis

242 3217 437 3281 servaretur,
473 3227 511 3266 ea
545 3217 630 3267 certe
664 3227 748 3287 quae
777 3217 852 3267 ante
883 3207 1037 3268 Aldinam
1070 3208 1241 3269 editionem
1279 3229 1320 3268 ex

245 3334 387 3414 epistulis
422 3334 564 3394 nondum
600 3334 760 3413 impressis
794 3333 926 3413 protulit
959 3334 1086 3395 aliunde
1121 3355 1182 3394 non
1218 3336 1318 3415 petiit.

244 3461 395 3522 Codicem
431 3481 507 3521 vero
538 3470 651 3540 postea
682 3480 752 3520 esse
782 3460 935 3520 amissum
964 3461 1022 3521 etsi
1046 3481 1122 3521 sane
1146 3461 1319 3521 dolendum

242 3599 307 3667 est‚
345 3608 408 3648 non
442 3598 551 3648 tamen
580 3587 653 3647 inde
684 3586 860 3666 quidquam
901 3597 1013 3646 contra
1047 3586 1115 3660 libri
1151 3589 1320 3647 veritatem

242 3724 299 3775 aut
322 3723 434 3775 contra
459 3713 577 3774 Budaei
602 3713 821 3774 testimouium
846 3712 958 3772 inferre
982 3713 1063 3773 licet.

288 3841 456 3902 Habemus
480 3861 557 3920 ergo
581 3840 697 3901 codicis
721 3840 850 3900 Parisini
874 3849 1022 3901 auctores
1046 3849 1110 3900 tres
1134 3840 1220 3900 haud
1244 3860 1321 3899 sane

244 3967 514 4028 contemnendos:
547 3967 689 4040 Aldum‚
726 3966 909 4040 Budaeum‚
946 3966 1145 4045 Jucundum,
1184 3985 1320 4045 quorum

243 4103 402 4172 quantum
427 4093 505 4154 fides
529 4094 636 4155 valeat
660 4093 748 4153 facile
772 4094 919 4153 cernitur.

279 4292 296 4346 ¹1
315 4295 354 4340 De
383 4294 485 4340 Budaeo
509 4293 541 4338 sis
568 4293 610 4339 cfr.
638 4292 717 4338 Etsch
736 4309 751 4338 u
778 4293 884 4339 Gruber.
904 4292 1080 4353 Real-Encycl.
1099 4292 1123 4337 iu
1144 4307 1204 4338 voce
1224 4293 1321 4341 Sectl

244 4381 305 4422 tom.
326 4386 353 4435 13
372 4389 395 4436 p.
415 4372 470 4435 338.
