3114 5130
785 443 834 530 40'

270 655 363 706 erunt
404 645 461 704 viri
496 642 670 704 doctissimi
704 641 891 720 Marquardt
909 637 940 723 ¹)
976 640 1130 700 Dierauer
1147 637 1197 722 ²),
1232 637 1283 698 De
1316 637 1346 696 la

270 773 373 852 Berge
386 772 428 851 ³),
449 770 611 831 Revillout
624 767 668 851 ⁴),
692 768 747 847 qui
759 787 870 826 omnes
882 765 964 826 hanc
976 764 1145 845 epistulam
1157 781 1345 843 germanam

269 918 339 959 esse
368 898 547 971 duxerunt,
580 896 656 975 quin
684 895 781 955 etiam
806 891 906 954 multa
931 892 1004 952 inde
1026 890 1238 970 collegerunt,
1262 909 1346 969 quae

269 1025 310 1086 ad
334 1025 448 1086 aetatis
467 1021 546 1083 illius
566 1042 632 1082 rem
653 1021 822 1082 militarem
842 1018 1064 1099 explicandam
1084 1037 1239 1098 perquam
1260 1014 1347 1077 utilia

269 1141 353 1213 sunt.
381 1150 561 1211 Audiamus
584 1148 661 1229 quid
684 1149 744 1209 hac
768 1147 808 1207 de
831 1167 864 1207 re
888 1147 1009 1226 Ussing
1022 1140 1058 1226 ⁵).

314 1278 343 1339 E
363 1276 464 1338 tribus
484 1274 542 1335 illis
562 1295 645 1355 quae
658 1274 825 1355 proposuit
837 1273 1104 1353 Trajanusnegat
1116 1272 1346 1351 Imperatorem

269 1404 319 1465 vel
351 1405 381 1465 in
412 1405 555 1465 animum
583 1403 731 1464 inducere
755 1403 898 1483 potuisse
923 1411 958 1463 ut
980 1401 1123 1462 crederet
1145 1421 1254 1461 servos
1278 1400 1346 1460 illos

269 1554 288 1592 a
319 1530 456 1592 dominis
486 1530 550 1590 suis
583 1529 716 1589 vicarios
747 1529 841 1590 datos
869 1549 938 1588 esse
962 1527 1045 1605 „hoc
1068 1529 1151 1588 enim
1176 1525 1216 1611 (si
1239 1537 1348 1589 tamen

270 1655 335 1717 fieri
370 1653 489 1740 potuit)
519 1655 647 1736 culpam
679 1656 810 1715 omnino
841 1677 860 1715 a
892 1656 989 1715 servis
1013 1651 1053 1715 ad
1076 1655 1224 1715 dominos
1247 1664 1349 1715 trans-

270 1781 396 1843 ferret.'’
430 1782 609 1843 Discrimen
641 1802 736 1861 porro
760 1782 841 1842 inter
863 1781 928 1841 duo
952 1781 1088 1860 reliqua,
1113 1782 1138 1842 si
1162 1782 1348 1860 Ussingium

270 1908 398 1983 audiaS‚
434 1909 632 1988 ineptissime
665 1908 784 1970 factum
819 1918 884 1970 est:
920 1908 1094 1985 „Videtur,
1129 1909 1247 1988 inquit,
1284 1908 1350 1967 exi-

270 2036 436 2110 stimasse,
457 2035 652 2115 quicumque
676 2056 866 2115 responsum
891 2035 1000 2111 finxit,
1025 2033 1184 2096 delectum
1208 2034 1296 2096 illum
1319 2035 1350 2094 vi

271 2183 340 2223 esse
371 2172 480 2223 actum
490 2183 497 2238 ;
530 2162 585 2222 sed
616 2162 647 2222 in
680 2161 740 2223 hac
763 2183 860 2223 causa
883 2162 923 2222 de
946 2163 976 2222 vi
1001 2182 1040 2222 ne
1062 2161 1195 2241 cogitari
1218 2161 1349 2240 quidem

271 2298 395 2369 potest,
419 2288 539 2368 quippe
563 2308 636 2348 cum
661 2289 759 2363 servi,
783 2288 807 2348 si
834 2288 931 2348 modo
955 2309 988 2348 se
1012 2308 1121 2348 servos
1140 2308 1210 2348 esse
1230 2287 1352 2367 signifi-'

271 2423 412 2489 cassent,
450 2434 489 2475 eo
520 2415 589 2494 ipso
620 2435 639 2474 a
671 2413 795 2476 delectu
827 2423 934 2476 essent
961 2412 1114 2475 exclusi.''
1149 2414 1350 2492 „Voluntarii

271 2561 347 2620 ergo
372 2541 453 2600 servi
476 2539 552 2599 illise
576 2537 794 2601 obtulerunt.''

315 2665 370 2745 „Si
394 2665 456 2727 hoc
480 2675 546 2740 est,
571 2666 673 2745 inquit
696 2655 1008 2745 Psendo-Trajanus
1029 2666 1350 2727 animadvertendum

271 2795 301 2854 in
325 2794 454 2855 illuserit
477 2793 502 2852 si
514 2791 540 2872 ὓ)
565 2789 751 2877 (sacrfrerrrl)
773 2812 889 2872 nempe
908 2792 1052 2853 sciebant
1072 2813 1105 2852 se
1123 2813 1193 2853 esse
1209 2791 1349 2854 servos.’'

271 2920 359 2996 „Aa
399 2920 501 2998 inquit
539 2919 675 2998 Ussing,
709 2918 875 2998 quomodo
905 2919 976 2980 talis
1006 2920 1184 2999 ignorantia
1215 2922 1350 3001 impera-

271 3045 332 3106 tori
355 3043 405 3105 vel
426 3045 456 3105 in
478 3055 620 3106 mentem
632 3046 740 3106 venire
753 3045 879 3125 potuit?
891 3066 974 3125 quae
987 3046 1011 3105 si
1024 3045 1148 3121 suisset,
1163 3068 1202 3108 ne
1215 3048 1348 3109 verbum

310 3307 327 3372 ¹)
347 3309 495 3372 Marquardt
514 3308 755 3368 Staatsverwaltung
773 3307 797 3354 ll
815 3324 857 3370 pp.
877 3319 924 3370 539
942 3323 1009 3370 seqq.

308 3386 328 3448 ²)
348 3388 470 3435 Dierauer
487 3388 513 3436 ll.
533 3403 566 3449 pp
595 3398 637 3434 121
658 3402 697 3449 sq.

311 3465 329 3526 3)
349 3468 387 3514 De
405 3467 429 3513 la
448 3467 528 3527 Berge
546 3466 572 3512 ll.
591 3482 608 3527 p
637 3476 680 3526 145
700 3482 736 3528 sq.

308 3545 327 3605 4)
348 3546 476 3592 Revillout
502 3546 539 3591 De
565 3544 827 3591 Romani-Exercitus
844 3544 942 3592 delectu
960 3554 984 3592 et
1002 3547 1177 3609 supplemento
1196 3547 1229 3592 ab
1248 3545 1353 3592 Actiaca

271 3642 356 3690 pugna
375 3613 451 3687 usque
470 3625 502 3670 ad
521 3640 609 3670 aevum
629 3624 765 3672 Theodosi.
785 3624 891 3674 Parisiis.
913 3622 974 3683 1849
992 3641 1015 3686 p.
1034 3637 1074 3673 21.

307 3703 326 3762 ὓ)
345 3705 437 3766 Ussing
454 3704 471 3750 ll
499 3720 515 3766 p
545 3716 574 3749 ιο

308 3783 327 3843 6)
347 3785 403 3831 lloc
430 3799 481 3830 non
508 3783 573 3830 bene
592 3783 691 3829 videtui·
710 3782 861 3829 intellexisse
879 3782 916 3827 vir
934 3781 1099 3831 doctissimus.
1126 3784 1185 3829 Non
1203 3783 1268 3829 enini
1293 3782 1354 3829 <licit

272 3863 395 3924 Trnjanus
412 3863 451 3921 „ri
469 3859 597 3908 sciebanr'
615 3861 659 3907 serl
677 3877 750 3920 „rum
770 3863 811 3919 (z
829 3859 955 3923 quamvis)
975 3859 1095 3906 haberent
1114 3860 1270 3907 condicionis
1294 3875 1353 3907 suae

272 3942 451 3990 conscientiam
470 3939 532 3991 etc,''

309 4021 423 4067 Adnotat
450 4020 525 4066 etiam
545 4020 698 4083 Iperatorein
718 4036 767 4066 non
786 4019 939 4081 significasse
958 4035 1007 4081 qua
1025 4034 1107 4082 poena
1122 4026 1203 4064 essent
1221 4018 1352 4066 alliciendi.

274 4100 323 4148 Sed
351 4100 398 4146 boc
424 4098 535 4162 prolecto
563 4115 625 4161 opus
650 4114 700 4145 non
727 4107 793 4160 erat,
823 4100 929 4146 etenim:
948 4098 1036 4158 „Servi
1054 4099 1086 4144 ab
1106 4098 1174 4145 omni
1192 4097 1281 4143 militia
1299 4113 1353 4159 pro·

273 4179 404 4236 hibentur,
423 4178 473 4224 alio
490 4178 549 4239 quin
568 4179 650 4240 capite
669 4175 820 4240 pmiinntur''
836 4178 944 4239 llig.49,
959 4177 993 4234 16,
1010 4190 1033 4224 11
1063 4167 1351 4235 Praetereanominatim

273 4259 358 4305 scribit
385 4258 522 4319 'l‘rajauusz
549 4259 606 4315 „De
632 4258 722 4321 qrribus
748 4258 865 4319 cognosci
883 4258 1010 4321 oportebit
1029 4273 1060 4305 an
1079 4257 1185 4321 capitale
1201 4255 1352 4319 simplicium

277 4338 394 4385 meruisse
413 4334 570 4386 virleantur.”
