<?xml version="1.0" encoding="UTF-8"?>
<!DOCTYPE html PUBLIC "-//W3C//DTD XHTML 1.0 Transitional//EN"
    "http://www.w3.org/TR/xhtml1/DTD/xhtml1-transitional.dtd">
<html xmlns="http://www.w3.org/1999/xhtml" xml:lang="en" lang="en">
 <head>
  <title>
</title>
<meta http-equiv="Content-Type" content="text/html;charset=utf-8" />
  <meta name='ocr-system' content='tesseract 3.04.00' />
  <meta name='ocr-capabilities' content='ocr_page ocr_carea ocr_par ocr_line ocrx_word'/>
</head>
<body>
  <div class='ocr_page' id='page_1' title='image "./decpliniicaecil00plingoog_0088.png"; bbox 0 0 3114 5130; ppageno 0'>
   <div class='ocr_carea' id='block_1_1' title="bbox 757 508 796 573">
    <p class='ocr_par' dir='ltr' id='par_1_1' title="bbox 757 508 796 573">
     <span class='ocr_line' id='line_1_1' title="bbox 757 508 796 573; baseline -0.026 0"><span class='ocrx_word' id='word_1_1' title='bbox 757 508 796 573; x_wconf 79' lang='lat'>75</span> 
     </span>
    </p>
   </div>
   <div class='ocr_carea' id='block_1_2' title="bbox 239 680 1316 1654">
    <p class='ocr_par' dir='ltr' id='par_1_2' title="bbox 239 680 1316 1017">
     <span class='ocr_line' id='line_1_2' title="bbox 239 680 1316 763; baseline 0.006 -24"><span class='ocrx_word' id='word_1_2' title='bbox 239 699 387 760; x_wconf 89' lang='lat' dir='ltr'>quaeque</span> <span class='ocrx_word' id='word_1_3' title='bbox 421 680 471 740; x_wconf 91' lang='lat' dir='ltr'>vel</span> <span class='ocrx_word' id='word_1_4' title='bbox 497 681 638 745; x_wconf 26' lang='lat' dir='ltr'>,Tacitus</span> <span class='ocrx_word' id='word_1_5' title='bbox 669 680 842 745; x_wconf 81' lang='lat' dir='ltr'>Suetonius</span> <span class='ocrx_word' id='word_1_6' title='bbox 874 683 1000 763; x_wconf 89' lang='lat' dir='ltr'>alliique</span> <span class='ocrx_word' id='word_1_7' title='bbox 1034 685 1177 745; x_wconf 90' lang='lat' dir='ltr'>eiusdem</span> <span class='ocrx_word' id='word_1_8' title='bbox 1202 686 1316 746; x_wconf 85' lang='lat' dir='ltr'>aetatis</span> 
     </span>
     <span class='ocr_line' id='line_1_3' title="bbox 239 805 1316 892; baseline 0.006 -26"><span class='ocrx_word' id='word_1_9' title='bbox 239 805 401 867; x_wconf 84' lang='lat' dir='ltr'>clarissimi</span> <span class='ocrx_word' id='word_1_10' title='bbox 425 808 481 868; x_wconf 91' lang='lat' dir='ltr'>viri</span> <span class='ocrx_word' id='word_1_11' title='bbox 505 828 582 869; x_wconf 88' lang='lat' dir='ltr'>vera</span> <span class='ocrx_word' id='word_1_12' title='bbox 607 831 677 870; x_wconf 90' lang='lat' dir='ltr'>esse</span> <span class='ocrx_word' id='word_1_13' title='bbox 700 811 893 890; x_wconf 85' lang='lat' dir='ltr'>credebant,</span> <span class='ocrx_word' id='word_1_14' title='bbox 919 831 1014 871; x_wconf 89' lang='lat' dir='ltr'>nemo</span> <span class='ocrx_word' id='word_1_15' title='bbox 1039 821 1147 873; x_wconf 87' lang='lat' dir='ltr'>tamen</span> <span class='ocrx_word' id='word_1_16' title='bbox 1162 832 1316 892; x_wconf 90' lang='lat' dir='ltr'>umquam</span> 
     </span>
     <span class='ocr_line' id='line_1_4' title="bbox 239 933 973 1017; baseline 0.008 -24"><span class='ocrx_word' id='word_1_17' title='bbox 239 933 289 994; x_wconf 88' lang='lat' dir='ltr'>vel</span> <span class='ocrx_word' id='word_1_18' title='bbox 312 934 435 996; x_wconf 88' lang='lat' dir='ltr'>viderat</span> <span class='ocrx_word' id='word_1_19' title='bbox 458 934 508 995; x_wconf 90' lang='lat' dir='ltr'>vel</span> <span class='ocrx_word' id='word_1_20' title='bbox 532 956 591 1015; x_wconf 92' lang='lat' dir='ltr'>pro</span> <span class='ocrx_word' id='word_1_21' title='bbox 615 946 703 998; x_wconf 89' lang='lat' dir='ltr'>certo</span> <span class='ocrx_word' id='word_1_22' title='bbox 726 947 934 1017; x_wconf 84' lang='lat' dir='ltr'>cognoverat.</span> <span class='ocrx_word' id='word_1_23' title='bbox 952 937 973 1013; x_wconf 88' lang='lat'>¹)</span> 
     </span>
    </p>

    <p class='ocr_par' dir='ltr' id='par_1_3' title="bbox 239 1061 1315 1654">
     <span class='ocr_line' id='line_1_5' title="bbox 284 1061 1315 1145; baseline 0.002 -23"><span class='ocrx_word' id='word_1_24' title='bbox 284 1061 393 1143; x_wconf 84' lang='lat' dir='ltr'>Quum</span> <span class='ocrx_word' id='word_1_25' title='bbox 424 1071 533 1123; x_wconf 85' lang='lat' dir='ltr'>autem</span> <span class='ocrx_word' id='word_1_26' title='bbox 558 1063 675 1124; x_wconf 88' lang='lat' dir='ltr'>Plinius</span> <span class='ocrx_word' id='word_1_27' title='bbox 700 1063 818 1126; x_wconf 90' lang='lat' dir='ltr'>multos</span> <span class='ocrx_word' id='word_1_28' title='bbox 842 1062 1040 1128; x_wconf 81' lang='lat' dir='ltr'>Christianos</span> <span class='ocrx_word' id='word_1_29' title='bbox 1063 1064 1244 1145; x_wconf 80' lang='lat' dir='ltr'>diligentius</span> <span class='ocrx_word' id='word_1_30' title='bbox 1268 1065 1315 1125; x_wconf 91' lang='lat' dir='ltr'>in-</span> 
     </span>
     <span class='ocr_line' id='line_1_6' title="bbox 239 1191 1315 1270; baseline 0.001 -19"><span class='ocrx_word' id='word_1_31' title='bbox 239 1193 416 1270; x_wconf 80' lang='lat' dir='ltr'>terrogaret</span> <span class='ocrx_word' id='word_1_32' title='bbox 440 1226 476 1234; x_wconf 86' lang='lat'>-</span> <span class='ocrx_word' id='word_1_33' title='bbox 505 1192 617 1266; x_wconf 87' lang='lat' dir='ltr'>etiam,</span> <span class='ocrx_word' id='word_1_34' title='bbox 645 1200 681 1253; x_wconf 92' lang='lat' dir='ltr'>ut</span> <span class='ocrx_word' id='word_1_35' title='bbox 704 1212 783 1253; x_wconf 86' lang='lat' dir='ltr'>mox</span> <span class='ocrx_word' id='word_1_36' title='bbox 803 1192 908 1268; x_wconf 81' lang='lat' dir='ltr'>addit,</span> <span class='ocrx_word' id='word_1_37' title='bbox 930 1191 1315 1254; x_wconf 81' lang='lat' dir='ltr'>tomrentisadhihitis—</span> 
     </span>
     <span class='ocr_line' id='line_1_7' title="bbox 240 1303 1315 1399; baseline 0.002 -22"><span class='ocrx_word' id='word_1_38' title='bbox 240 1337 344 1398; x_wconf 87' lang='lat' dir='ltr'>neque</span> <span class='ocrx_word' id='word_1_39' title='bbox 379 1327 487 1379; x_wconf 87' lang='lat' dir='ltr'>tamen</span> <span class='ocrx_word' id='word_1_40' title='bbox 523 1318 700 1399; x_wconf 83' lang='lat' dir='ltr'>quidquam</span> <span class='ocrx_word' id='word_1_41' title='bbox 731 1303 902 1394; x_wconf 89' lang='lat' dir='ltr'>inveniret,</span> <span class='ocrx_word' id='word_1_42' title='bbox 936 1320 994 1379; x_wconf 90' lang='lat' dir='ltr'>nisi</span> <span class='ocrx_word' id='word_1_43' title='bbox 1024 1318 1230 1380; x_wconf 80' lang='lat' dir='ltr'>inflexibilem</span> <span class='ocrx_word' id='word_1_44' title='bbox 1258 1318 1315 1379; x_wconf 94' lang='lat' dir='ltr'>ob·</span> 
     </span>
     <span class='ocr_line' id='line_1_8' title="bbox 239 1445 1315 1527; baseline 0.002 -23"><span class='ocrx_word' id='word_1_45' title='bbox 239 1445 444 1506; x_wconf 91' lang='lat' dir='ltr'>stinationem</span> <span class='ocrx_word' id='word_1_46' title='bbox 469 1454 502 1506; x_wconf 93' lang='lat' dir='ltr'>et</span> <span class='ocrx_word' id='word_1_47' title='bbox 525 1445 732 1506; x_wconf 86' lang='lat' dir='ltr'>immodicam</span> <span class='ocrx_word' id='word_1_48' title='bbox 757 1447 1035 1527; x_wconf 84' lang='lat' dir='ltr'>superstitionem,</span> <span class='ocrx_word' id='word_1_49' title='bbox 1050 1449 1156 1527; x_wconf 92' lang='lat' dir='ltr'>coepit</span> <span class='ocrx_word' id='word_1_50' title='bbox 1169 1447 1315 1508; x_wconf 90' lang='lat' dir='ltr'>dubitare</span> 
     </span>
     <span class='ocr_line' id='line_1_9' title="bbox 239 1574 1314 1654; baseline 0.002 -23"><span class='ocrx_word' id='word_1_51' title='bbox 239 1580 386 1632; x_wconf 86' lang='lat' dir='ltr'>essentne</span> <span class='ocrx_word' id='word_1_52' title='bbox 409 1591 486 1632; x_wconf 90' lang='lat' dir='ltr'>vera</span> <span class='ocrx_word' id='word_1_53' title='bbox 508 1593 592 1652; x_wconf 89' lang='lat' dir='ltr'>quac</span> <span class='ocrx_word' id='word_1_54' title='bbox 616 1593 744 1634; x_wconf 89' lang='lat' dir='ltr'>rumore</span> <span class='ocrx_word' id='word_1_55' title='bbox 763 1574 851 1654; x_wconf 83' lang='lat' dir='ltr'>vulgi</span> <span class='ocrx_word' id='word_1_56' title='bbox 863 1583 1099 1654; x_wconf 82' lang='lat' dir='ltr'>spargerentur,</span> <span class='ocrx_word' id='word_1_57' title='bbox 1112 1594 1228 1635; x_wconf 86' lang='lat' dir='ltr'>verene</span> <span class='ocrx_word' id='word_1_58' title='bbox 1240 1594 1314 1634; x_wconf 95' lang='lat' dir='ltr'>cum</span> 
     </span>
    </p>
   </div>
   <div class='ocr_carea' id='block_1_3' title="bbox 239 1697 1315 1781">
    <p class='ocr_par' dir='ltr' id='par_1_4' title="bbox 239 1697 1315 1781">
     <span class='ocr_line' id='line_1_10' title="bbox 239 1697 1315 1781; baseline 0.001 -21"><span class='ocrx_word' id='word_1_59' title='bbox 239 1697 419 1760; x_wconf 85' lang='lat' dir='ltr'>Christiano</span> <span class='ocrx_word' id='word_1_60' title='bbox 433 1700 562 1760; x_wconf 89' lang='lat' dir='ltr'>nomine</span> <span class='ocrx_word' id='word_1_61' title='bbox 574 1700 826 1780; x_wconf 76' lang='lat' dir='ltr'>sc⁷nzperllagitia</span> <span class='ocrx_word' id='word_1_62' title='bbox 835 1698 1051 1781; x_wconf 82' lang='lat' dir='ltr'>cohaererent,</span> <span class='ocrx_word' id='word_1_63' title='bbox 1062 1710 1094 1763; x_wconf 92' lang='lat' dir='ltr'>et</span> <span class='ocrx_word' id='word_1_64' title='bbox 1102 1701 1174 1761; x_wconf 93' lang='lat' dir='ltr'>ideo</span> <span class='ocrx_word' id='word_1_65' title='bbox 1183 1703 1315 1761; x_wconf 91' lang='lat' dir='ltr'>interro-</span> 
     </span>
    </p>
   </div>
   <div class='ocr_carea' id='block_1_4' title="bbox 239 1825 1315 1908">
    <p class='ocr_par' dir='ltr' id='par_1_5' title="bbox 239 1825 1315 1908">
     <span class='ocr_line' id='line_1_11' title="bbox 239 1825 1315 1908; baseline 0.003 -23"><span class='ocrx_word' id='word_1_66' title='bbox 239 1825 328 1904; x_wconf 87' lang='lat' dir='ltr'>gavit</span> <span class='ocrx_word' id='word_1_67' title='bbox 359 1827 607 1906; x_wconf 81' lang='lat' dir='ltr'>Imperatorem,</span> <span class='ocrx_word' id='word_1_68' title='bbox 641 1837 766 1889; x_wconf 87' lang='lat' dir='ltr'>essetne</span> <span class='ocrx_word' id='word_1_69' title='bbox 797 1828 995 1908; x_wconf 88' lang='lat' dir='ltr'>puniendum</span> <span class='ocrx_word' id='word_1_70' title='bbox 1019 1847 1137 1888; x_wconf 91' lang='lat' dir='ltr'>nomen</span> <span class='ocrx_word' id='word_1_71' title='bbox 1161 1830 1266 1908; x_wconf 87' lang='lat' dir='ltr'>ipsum</span> <span class='ocrx_word' id='word_1_72' title='bbox 1290 1829 1315 1888; x_wconf 90' lang='lat' dir='ltr'>si</span> 
     </span>
    </p>
   </div>
   <div class='ocr_carea' id='block_1_5' title="bbox 203 1951 1318 4304">
    <p class='ocr_par' dir='ltr' id='par_1_6' title="bbox 240 1951 1315 2165">
     <span class='ocr_line' id='line_1_12' title="bbox 240 1951 1315 2035; baseline 0.004 -24"><span class='ocrx_word' id='word_1_73' title='bbox 240 1951 366 2032; x_wconf 80' lang='lat' dir='ltr'>flagitiis</span> <span class='ocrx_word' id='word_1_74' title='bbox 387 1963 524 2029; x_wconf 86' lang='lat' dir='ltr'>careret,</span> <span class='ocrx_word' id='word_1_75' title='bbox 546 1974 587 2014; x_wconf 92' lang='lat' dir='ltr'>an</span> <span class='ocrx_word' id='word_1_76' title='bbox 608 1963 735 2015; x_wconf 86' lang='lat' dir='ltr'>tantum</span> <span class='ocrx_word' id='word_1_77' title='bbox 756 1954 876 2034; x_wconf 85' lang='lat' dir='ltr'>flagitia</span> <span class='ocrx_word' id='word_1_78' title='bbox 889 1954 939 2016; x_wconf 92' lang='lat' dir='ltr'>illa</span> <span class='ocrx_word' id='word_1_79' title='bbox 951 1975 1036 2035; x_wconf 88' lang='lat' dir='ltr'>quae</span> <span class='ocrx_word' id='word_1_80' title='bbox 1048 1975 1122 2016; x_wconf 92' lang='lat' dir='ltr'>cum</span> <span class='ocrx_word' id='word_1_81' title='bbox 1135 1954 1315 2017; x_wconf 88' lang='lat' dir='ltr'>Christiano</span> 
     </span>
     <span class='ocr_line' id='line_1_13' title="bbox 240 2079 1314 2165; baseline 0.006 -27"><span class='ocrx_word' id='word_1_82' title='bbox 240 2079 368 2147; x_wconf 89' lang='lat' dir='ltr'>nomine</span> <span class='ocrx_word' id='word_1_83' title='bbox 388 2079 613 2155; x_wconf 88' lang='lat' dir='ltr'>cohaererent,</span> <span class='ocrx_word' id='word_1_84' title='bbox 628 2082 645 2142; x_wconf 90' lang='lat' dir='ltr'>i.</span> <span class='ocrx_word' id='word_1_85' title='bbox 660 2101 686 2142; x_wconf 89' lang='lat' dir='ltr'>e.</span> <span class='ocrx_word' id='word_1_86' title='bbox 701 2079 872 2165; x_wconf 87' lang='lat' dir='ltr'>cohaerere</span> <span class='ocrx_word' id='word_1_87' title='bbox 886 2092 941 2143; x_wconf 89' lang='lat' dir='ltr'>aut</span> <span class='ocrx_word' id='word_1_88' title='bbox 954 2081 1092 2143; x_wconf 85' lang='lat' dir='ltr'>solerent</span> <span class='ocrx_word' id='word_1_89' title='bbox 1104 2092 1160 2143; x_wconf 92' lang='lat' dir='ltr'>aut</span> <span class='ocrx_word' id='word_1_90' title='bbox 1172 2091 1314 2162; x_wconf 89' lang='lat' dir='ltr'>possent.</span> 
     </span>
    </p>

    <p class='ocr_par' dir='ltr' id='par_1_7' title="bbox 239 2203 1314 2419">
     <span class='ocr_line' id='line_1_14' title="bbox 283 2203 1314 2289; baseline 0.003 -22"><span class='ocrx_word' id='word_1_91' title='bbox 283 2203 483 2269; x_wconf 86' lang='lat' dir='ltr'>Sententiam</span> <span class='ocrx_word' id='word_1_92' title='bbox 508 2208 551 2269; x_wconf 88' lang='lat' dir='ltr'>ita</span> <span class='ocrx_word' id='word_1_93' title='bbox 575 2216 661 2269; x_wconf 88' lang='lat' dir='ltr'>recte</span> <span class='ocrx_word' id='word_1_94' title='bbox 685 2208 837 2288; x_wconf 88' lang='lat' dir='ltr'>explicari</span> <span class='ocrx_word' id='word_1_95' title='bbox 861 2218 894 2270; x_wconf 95' lang='lat' dir='ltr'>et</span> <span class='ocrx_word' id='word_1_96' title='bbox 917 2228 1013 2289; x_wconf 87' lang='lat' dir='ltr'>posse</span> <span class='ocrx_word' id='word_1_97' title='bbox 1025 2219 1058 2270; x_wconf 94' lang='lat' dir='ltr'>et</span> <span class='ocrx_word' id='word_1_98' title='bbox 1069 2208 1195 2285; x_wconf 86' lang='lat' dir='ltr'>debere,</span> <span class='ocrx_word' id='word_1_99' title='bbox 1210 2208 1314 2270; x_wconf 86' lang='lat' dir='ltr'>adhuc</span> 
     </span>
     <span class='ocr_line' id='line_1_15' title="bbox 239 2333 1252 2419; baseline 0.004 -26"><span class='ocrx_word' id='word_1_100' title='bbox 239 2334 426 2414; x_wconf 88' lang='lat' dir='ltr'>interpretes</span> <span class='ocrx_word' id='word_1_101' title='bbox 450 2343 482 2396; x_wconf 91' lang='lat' dir='ltr'>et</span> <span class='ocrx_word' id='word_1_102' title='bbox 505 2333 643 2396; x_wconf 89' lang='lat' dir='ltr'>editores</span> <span class='ocrx_word' id='word_1_103' title='bbox 667 2355 750 2415; x_wconf 92' lang='lat' dir='ltr'>quos</span> <span class='ocrx_word' id='word_1_104' title='bbox 773 2335 837 2395; x_wconf 89' lang='lat' dir='ltr'>vidi</span> <span class='ocrx_word' id='word_1_105' title='bbox 861 2355 974 2396; x_wconf 91' lang='lat' dir='ltr'>omnes</span> <span class='ocrx_word' id='word_1_106' title='bbox 1000 2333 1252 2419; x_wconf 70' lang='lat' dir='ltr'>agrioverunt.‘³)</span> 
     </span>
    </p>

    <p class='ocr_par' dir='ltr' id='par_1_8' title="bbox 203 2459 1315 4062">
     <span class='ocr_line' id='line_1_16' title="bbox 283 2459 1315 2543; baseline 0 -21"><span class='ocrx_word' id='word_1_107' title='bbox 283 2461 332 2522; x_wconf 86' lang='lat' dir='ltr'>At</span> <span class='ocrx_word' id='word_1_108' title='bbox 355 2481 431 2522; x_wconf 90' lang='lat' dir='ltr'>vero</span> <span class='ocrx_word' id='word_1_109' title='bbox 456 2459 663 2523; x_wconf 87' lang='lat' dir='ltr'>vehementer</span> <span class='ocrx_word' id='word_1_110' title='bbox 686 2461 745 2523; x_wconf 89' lang='lat' dir='ltr'>hos</span> <span class='ocrx_word' id='word_1_111' title='bbox 769 2482 881 2522; x_wconf 89' lang='lat' dir='ltr'>omnes</span> <span class='ocrx_word' id='word_1_112' title='bbox 905 2482 1025 2523; x_wconf 88' lang='lat' dir='ltr'>errasse</span> <span class='ocrx_word' id='word_1_113' title='bbox 1048 2463 1236 2543; x_wconf 89' lang='lat' dir='ltr'>pronuntiat</span> <span class='ocrx_word' id='word_1_114' title='bbox 1255 2462 1315 2522; x_wconf 92' lang='lat' dir='ltr'>Pu-</span> 
     </span>
     <span class='ocr_line' id='line_1_17' title="bbox 238 2589 1314 2671; baseline 0 -21"><span class='ocrx_word' id='word_1_115' title='bbox 238 2599 368 2650; x_wconf 88' lang='lat' dir='ltr'>teanus:</span> <span class='ocrx_word' id='word_1_116' title='bbox 392 2590 491 2651; x_wconf 88' lang='lat' dir='ltr'>verba</span> <span class='ocrx_word' id='word_1_117' title='bbox 516 2590 600 2650; x_wconf 91' lang='lat' dir='ltr'>enim</span> <span class='ocrx_word' id='word_1_118' title='bbox 624 2589 675 2650; x_wconf 89' lang='lat' dir='ltr'>illa</span> <span class='ocrx_word' id='word_1_119' title='bbox 700 2609 763 2649; x_wconf 93' lang='lat' dir='ltr'>non</span> <span class='ocrx_word' id='word_1_120' title='bbox 788 2590 832 2650; x_wconf 90' lang='lat' dir='ltr'>ita</span> <span class='ocrx_word' id='word_1_121' title='bbox 844 2589 1035 2670; x_wconf 85' lang='lat' dir='ltr'>explicanda</span> <span class='ocrx_word' id='word_1_122' title='bbox 1047 2600 1142 2671; x_wconf 88' lang='lat' dir='ltr'>putat</span> <span class='ocrx_word' id='word_1_123' title='bbox 1155 2599 1190 2652; x_wconf 94' lang='lat' dir='ltr'>ut</span> <span class='ocrx_word' id='word_1_124' title='bbox 1202 2610 1314 2651; x_wconf 85' lang='lat' dir='ltr'>sanam</span> 
     </span>
     <span class='ocr_line' id='line_1_18' title="bbox 238 2717 1315 2798; baseline 0.002 -22"><span class='ocrx_word' id='word_1_125' title='bbox 238 2717 430 2778; x_wconf 87' lang='lat' dir='ltr'>sententiam</span> <span class='ocrx_word' id='word_1_126' title='bbox 462 2726 569 2792; x_wconf 89' lang='lat' dir='ltr'>eruat,</span> <span class='ocrx_word' id='word_1_127' title='bbox 602 2717 658 2778; x_wconf 91' lang='lat' dir='ltr'>sed</span> <span class='ocrx_word' id='word_1_128' title='bbox 690 2717 798 2798; x_wconf 91' lang='lat' dir='ltr'>potius</span> <span class='ocrx_word' id='word_1_129' title='bbox 821 2717 917 2779; x_wconf 88' lang='lat' dir='ltr'>anxie</span> <span class='ocrx_word' id='word_1_130' title='bbox 940 2718 1072 2779; x_wconf 88' lang='lat' dir='ltr'>rimatur</span> <span class='ocrx_word' id='word_1_131' title='bbox 1095 2738 1189 2778; x_wconf 94' lang='lat' dir='ltr'>suum</span> <span class='ocrx_word' id='word_1_132' title='bbox 1214 2737 1315 2796; x_wconf 93' lang='lat' dir='ltr'>„non-</span> 
     </span>
     <span class='ocr_line' id='line_1_19' title="bbox 239 2841 1315 2928; baseline 0.003 -24"><span class='ocrx_word' id='word_1_133' title='bbox 239 2841 332 2904; x_wconf 86' lang='lat' dir='ltr'>sens&#39;&#39;</span> <span class='ocrx_word' id='word_1_134' title='bbox 365 2841 419 2928; x_wconf 86' lang='lat' dir='ltr'>(sit</span> <span class='ocrx_word' id='word_1_135' title='bbox 442 2844 535 2904; x_wconf 87' lang='lat' dir='ltr'>venia</span> <span class='ocrx_word' id='word_1_136' title='bbox 557 2844 674 2920; x_wconf 87' lang='lat' dir='ltr'>verbo,</span> <span class='ocrx_word' id='word_1_137' title='bbox 701 2844 788 2925; x_wconf 92' lang='lat' dir='ltr'>quod</span> <span class='ocrx_word' id='word_1_138' title='bbox 812 2844 909 2905; x_wconf 87' lang='lat' dir='ltr'>latine</span> <span class='ocrx_word' id='word_1_139' title='bbox 931 2845 1012 2906; x_wconf 88' lang='lat' dir='ltr'>verti</span> <span class='ocrx_word' id='word_1_140' title='bbox 1036 2845 1091 2905; x_wconf 89' lang='lat' dir='ltr'>vix</span> <span class='ocrx_word' id='word_1_141' title='bbox 1114 2845 1253 2926; x_wconf 89' lang='lat' dir='ltr'>potest!)</span> <span class='ocrx_word' id='word_1_142' title='bbox 1280 2854 1315 2907; x_wconf 93' lang='lat' dir='ltr'>ut</span> 
     </span>
     <span class='ocr_line' id='line_1_20' title="bbox 238 2968 1314 3053; baseline 0.004 -24"><span class='ocrx_word' id='word_1_143' title='bbox 238 2970 345 3048; x_wconf 92' lang='lat' dir='ltr'>spuria</span> <span class='ocrx_word' id='word_1_144' title='bbox 379 2969 492 3031; x_wconf 91' lang='lat' dir='ltr'>eadem</span> <span class='ocrx_word' id='word_1_145' title='bbox 527 2968 645 3032; x_wconf 88' lang='lat' dir='ltr'>habere</span> <span class='ocrx_word' id='word_1_146' title='bbox 681 2972 791 3051; x_wconf 89' lang='lat' dir='ltr'>possit.</span> <span class='ocrx_word' id='word_1_147' title='bbox 828 2971 923 3053; x_wconf 75' lang='lat' dir='ltr'>„Que</span> <span class='ocrx_word' id='word_1_148' title='bbox 957 2972 1123 3052; x_wconf 92' lang='lat' dir='ltr'>punit-on,</span> <span class='ocrx_word' id='word_1_149' title='bbox 1156 2972 1314 3033; x_wconf 88' lang='lat' dir='ltr'>demandc</span> 
     </span>
     <span class='ocr_line' id='line_1_21' title="bbox 239 3096 1314 3180; baseline 0.004 -23"><span class='ocrx_word' id='word_1_150' title='bbox 239 3096 341 3170; x_wconf 88' lang='lat' dir='ltr'>Pline,</span> <span class='ocrx_word' id='word_1_151' title='bbox 378 3107 478 3159; x_wconf 89' lang='lat' dir='ltr'>est-ce</span> <span class='ocrx_word' id='word_1_152' title='bbox 512 3096 541 3157; x_wconf 88' lang='lat' dir='ltr'>le</span> <span class='ocrx_word' id='word_1_153' title='bbox 573 3118 649 3158; x_wconf 93' lang='lat' dir='ltr'>nom</span> <span class='ocrx_word' id='word_1_154' title='bbox 680 3097 862 3174; x_wconf 77' lang='lat' dir='ltr'>lui-meme,</span> <span class='ocrx_word' id='word_1_155' title='bbox 888 3099 913 3159; x_wconf 89' lang='lat' dir='ltr'>si</span> <span class='ocrx_word' id='word_1_156' title='bbox 936 3119 1041 3160; x_wconf 90' lang='lat' dir='ltr'>aucun</span> <span class='ocrx_word' id='word_1_157' title='bbox 1065 3099 1162 3160; x_wconf 89' lang='lat' dir='ltr'>crime</span> <span class='ocrx_word' id='word_1_158' title='bbox 1187 3098 1242 3180; x_wconf 87' lang='lat' dir='ltr'>n’y</span> <span class='ocrx_word' id='word_1_159' title='bbox 1265 3110 1314 3162; x_wconf 91' lang='lat' dir='ltr'>est</span> 
     </span>
     <span class='ocr_line' id='line_1_22' title="bbox 239 3223 1314 3307; baseline 0.003 -23"><span class='ocrx_word' id='word_1_160' title='bbox 239 3223 384 3300; x_wconf 75' lang='lat' dir='ltr'>attache,</span> <span class='ocrx_word' id='word_1_161' title='bbox 417 3245 459 3285; x_wconf 91' lang='lat' dir='ltr'>ou</span> <span class='ocrx_word' id='word_1_162' title='bbox 491 3224 536 3285; x_wconf 93' lang='lat' dir='ltr'>les</span> <span class='ocrx_word' id='word_1_163' title='bbox 559 3225 672 3286; x_wconf 91' lang='lat' dir='ltr'>crimes</span> <span class='ocrx_word' id='word_1_164' title='bbox 696 3224 842 3287; x_wconf 87' lang='lat' dir='ltr'>attache&#39;s</span> <span class='ocrx_word' id='word_1_165' title='bbox 866 3227 886 3285; x_wconf 77' lang='grc' dir='ltr'>Ξι</span> <span class='ocrx_word' id='word_1_166' title='bbox 909 3246 945 3287; x_wconf 89' lang='lat' dir='ltr'>ce</span> <span class='ocrx_word' id='word_1_167' title='bbox 969 3227 1067 3287; x_wconf 86' lang='lat' dir='ltr'>nom?</span> <span class='ocrx_word' id='word_1_168' title='bbox 1090 3226 1314 3307; x_wconf 86' lang='lat' dir='ltr'>L&#39;opposition</span> 
     </span>
     <span class='ocr_line' id='line_1_23' title="bbox 239 3352 1315 3434; baseline 0.001 -21"><span class='ocrx_word' id='word_1_169' title='bbox 239 3363 287 3414; x_wconf 92' lang='lat' dir='ltr'>est</span> <span class='ocrx_word' id='word_1_170' title='bbox 322 3362 395 3433; x_wconf 86' lang='lat' dir='ltr'>trop</span> <span class='ocrx_word' id='word_1_171' title='bbox 431 3352 602 3414; x_wconf 85' lang='lat' dir='ltr'>fortement</span> <span class='ocrx_word' id='word_1_172' title='bbox 634 3354 785 3434; x_wconf 80' lang='lat' dir='ltr'>marque&#39;e</span> <span class='ocrx_word' id='word_1_173' title='bbox 816 3363 921 3415; x_wconf 86' lang='lat' dir='ltr'>entre:</span> <span class='ocrx_word' id='word_1_174' title='bbox 957 3353 1160 3416; x_wconf 90' lang='lat' dir='ltr'>cohaerentia</span> <span class='ocrx_word' id='word_1_175' title='bbox 1195 3356 1315 3415; x_wconf 91' lang='lat' dir='ltr'>nomini</span> 
     </span>
     <span class='ocr_line' id='line_1_24' title="bbox 239 3478 1315 3562; baseline 0.003 -24"><span class='ocrx_word' id='word_1_176' title='bbox 239 3478 359 3559; x_wconf 83' lang='lat' dir='ltr'>flagitia</span> <span class='ocrx_word' id='word_1_177' title='bbox 394 3488 426 3541; x_wconf 91' lang='lat' dir='ltr'>et</span> <span class='ocrx_word' id='word_1_178' title='bbox 460 3480 484 3540; x_wconf 92' lang='lat' dir='ltr'>si</span> <span class='ocrx_word' id='word_1_179' title='bbox 522 3479 651 3559; x_wconf 83' lang='lat' dir='ltr'>flagitus</span> <span class='ocrx_word' id='word_1_180' title='bbox 675 3490 797 3556; x_wconf 85' lang='lat' dir='ltr'>careat,</span> <span class='ocrx_word' id='word_1_181' title='bbox 823 3500 905 3561; x_wconf 95' lang='lat' dir='ltr'>pour</span> <span class='ocrx_word' id='word_1_182' title='bbox 927 3480 1026 3561; x_wconf 86' lang='lat' dir='ltr'>qu&#39;on</span> <span class='ocrx_word' id='word_1_183' title='bbox 1050 3481 1156 3562; x_wconf 87' lang='lat' dir='ltr'>puisse</span> <span class='ocrx_word' id='word_1_184' title='bbox 1177 3481 1315 3542; x_wconf 88' lang='lat' dir='ltr'>traduire</span> 
     </span>
     <span class='ocr_line' id='line_1_25' title="bbox 238 3605 1315 3688; baseline 0.003 -22"><span class='ocrx_word' id='word_1_185' title='bbox 238 3626 291 3666; x_wconf 87' lang='lat' dir='ltr'>ces</span> <span class='ocrx_word' id='word_1_186' title='bbox 332 3606 471 3667; x_wconf 89' lang='lat' dir='ltr'>derniers</span> <span class='ocrx_word' id='word_1_187' title='bbox 515 3617 600 3669; x_wconf 92' lang='lat' dir='ltr'>mots</span> <span class='ocrx_word' id='word_1_188' title='bbox 642 3607 736 3668; x_wconf 91' lang='lat' dir='ltr'>ainsi:</span> <span class='ocrx_word' id='word_1_189' title='bbox 773 3605 820 3668; x_wconf 88' lang='lat' dir='ltr'>s’il</span> <span class='ocrx_word' id='word_1_190' title='bbox 856 3605 938 3669; x_wconf 88' lang='lat' dir='ltr'>n&#39;est</span> <span class='ocrx_word' id='word_1_191' title='bbox 971 3609 1191 3688; x_wconf 80' lang='lat' dir='ltr'>accompagne&lt;</span> <span class='ocrx_word' id='word_1_192' title='bbox 1225 3606 1315 3669; x_wconf 90' lang='lat' dir='ltr'>d’au·</span> 
     </span>
     <span class='ocr_line' id='line_1_26' title="bbox 238 3732 1313 3814; baseline 0 -19"><span class='ocrx_word' id='word_1_193' title='bbox 238 3753 299 3795; x_wconf 93' lang='lat' dir='ltr'>cun</span> <span class='ocrx_word' id='word_1_194' title='bbox 330 3733 435 3794; x_wconf 90' lang='lat' dir='ltr'>crime.</span> <span class='ocrx_word' id='word_1_195' title='bbox 469 3734 516 3794; x_wconf 92' lang='lat' dir='ltr'>Le</span> <span class='ocrx_word' id='word_1_196' title='bbox 547 3743 638 3796; x_wconf 89' lang='lat' dir='ltr'>texte</span> <span class='ocrx_word' id='word_1_197' title='bbox 668 3754 792 3814; x_wconf 91' lang='lat' dir='ltr'>oppose</span> <span class='ocrx_word' id='word_1_198' title='bbox 822 3733 894 3794; x_wconf 90' lang='lat' dir='ltr'>bien</span> <span class='ocrx_word' id='word_1_199' title='bbox 918 3732 983 3794; x_wconf 87' lang='lat' dir='ltr'>l&#39;un</span> <span class='ocrx_word' id='word_1_200' title='bbox 1007 3735 1026 3794; x_wconf 72' lang='lat' dir='ltr'>a</span> <span class='ocrx_word' id='word_1_201' title='bbox 1049 3733 1162 3797; x_wconf 86' lang='lat' dir='ltr'>l&#39;autre</span> <span class='ocrx_word' id='word_1_202' title='bbox 1184 3733 1213 3795; x_wconf 91' lang='lat' dir='ltr'>le</span> <span class='ocrx_word' id='word_1_203' title='bbox 1237 3755 1313 3796; x_wconf 93' lang='lat' dir='ltr'>nom</span> 
     </span>
     <span class='ocr_line' id='line_1_27' title="bbox 203 3918 1314 3986; baseline 0.005 -20"><span class='ocrx_word' id='word_1_204' title='bbox 203 3941 207 3946; x_wconf 85' lang='lat'><em>-</em></span> <span class='ocrx_word' id='word_1_205' title='bbox 275 3918 293 3978; x_wconf 80' lang='lat'>¹)</span> <span class='ocrx_word' id='word_1_206' title='bbox 310 3919 352 3970; x_wconf 86' lang='lat' dir='ltr'>cfr.</span> <span class='ocrx_word' id='word_1_207' title='bbox 379 3920 484 3970; x_wconf 88' lang='lat' dir='ltr'>Tertull.</span> <span class='ocrx_word' id='word_1_208' title='bbox 512 3921 621 3984; x_wconf 81' lang='lat' dir='ltr'>Apolog.</span> <span class='ocrx_word' id='word_1_209' title='bbox 642 3922 738 3984; x_wconf 70' lang='lat' dir='ltr'>prassini</span> <span class='ocrx_word' id='word_1_210' title='bbox 757 3928 781 3968; x_wconf 90' lang='lat' dir='ltr'>et</span> <span class='ocrx_word' id='word_1_211' title='bbox 799 3921 913 3972; x_wconf 85' lang='lat' dir='ltr'>Boissier.</span> <span class='ocrx_word' id='word_1_212' title='bbox 932 3923 995 3970; x_wconf 81' lang='lat' dir='ltr'>Rev.</span> <span class='ocrx_word' id='word_1_213' title='bbox 1013 3922 1123 3970; x_wconf 72' lang='lat' dir='ltr'>Arclreol</span> <span class='ocrx_word' id='word_1_214' title='bbox 1149 3923 1221 3971; x_wconf 84' lang='lat' dir='ltr'>Tom.</span> <span class='ocrx_word' id='word_1_215' title='bbox 1241 3935 1269 3985; x_wconf 82' lang='lat'>31</span> <span class='ocrx_word' id='word_1_216' title='bbox 1289 3940 1314 3986; x_wconf 89' lang='lat' dir='ltr'>p.</span> 
     </span>
     <span class='ocr_line' id='line_1_28' title="bbox 241 4000 561 4062; baseline 0.009 -16"><span class='ocrx_word' id='word_1_217' title='bbox 241 4011 293 4046; x_wconf 89' lang='lat'>120.</span> <span class='ocrx_word' id='word_1_218' title='bbox 312 4000 400 4047; x_wconf 87' lang='lat' dir='ltr'>Variot</span> <span class='ocrx_word' id='word_1_219' title='bbox 417 4000 444 4047; x_wconf 91' lang='lat' dir='ltr'>ll.</span> <span class='ocrx_word' id='word_1_220' title='bbox 462 4017 486 4062; x_wconf 93' lang='lat' dir='ltr'>p.</span> <span class='ocrx_word' id='word_1_221' title='bbox 508 4013 561 4062; x_wconf 85' lang='lat'>140.</span> 
     </span>
    </p>

    <p class='ocr_par' dir='ltr' id='par_1_9' title="bbox 274 4077 1014 4145">
     <span class='ocr_line' id='line_1_29' title="bbox 274 4077 1014 4145; baseline 0.004 -20"><span class='ocrx_word' id='word_1_222' title='bbox 274 4077 294 4143; x_wconf 75' lang='grc'>2)</span> <span class='ocrx_word' id='word_1_223' title='bbox 313 4079 355 4129; x_wconf 82' lang='lat' dir='ltr'>cfr.</span> <span class='ocrx_word' id='word_1_224' title='bbox 373 4079 449 4126; x_wconf 88' lang='lat' dir='ltr'>etiam</span> <span class='ocrx_word' id='word_1_225' title='bbox 468 4080 570 4127; x_wconf 83' lang='lat' dir='ltr'>Vossius</span> <span class='ocrx_word' id='word_1_226' title='bbox 587 4081 605 4127; x_wconf 93' lang='lat' dir='ltr'>ll</span> <span class='ocrx_word' id='word_1_227' title='bbox 632 4097 666 4145; x_wconf 87' lang='lat' dir='ltr'>pp</span> <span class='ocrx_word' id='word_1_228' title='bbox 694 4092 723 4144; x_wconf 83' lang='lat'>55</span> <span class='ocrx_word' id='word_1_229' title='bbox 742 4097 770 4144; x_wconf 83' lang='lat' dir='ltr'>sq</span> <span class='ocrx_word' id='word_1_230' title='bbox 797 4081 896 4143; x_wconf 81' lang='lat' dir='ltr'>Longol</span> <span class='ocrx_word' id='word_1_231' title='bbox 923 4098 945 4128; x_wconf 89' lang='lat' dir='ltr'>a.</span> <span class='ocrx_word' id='word_1_232' title='bbox 963 4081 1014 4132; x_wconf 92' lang='lat' dir='ltr'>h.l</span> 
     </span>
    </p>

    <p class='ocr_par' dir='ltr' id='par_1_10' title="bbox 238 4158 1318 4304">
     <span class='ocr_line' id='line_1_30' title="bbox 271 4158 1314 4224; baseline 0.003 -19"><span class='ocrx_word' id='word_1_233' title='bbox 271 4159 361 4222; x_wconf 88' lang='lat' dir='ltr'>Neque</span> <span class='ocrx_word' id='word_1_234' title='bbox 387 4158 460 4206; x_wconf 87' lang='lat' dir='ltr'>aliter</span> <span class='ocrx_word' id='word_1_235' title='bbox 476 4161 634 4223; x_wconf 85' lang='lat' dir='ltr'>mrperrirnns</span> <span class='ocrx_word' id='word_1_236' title='bbox 652 4161 734 4208; x_wconf 89' lang='lat' dir='ltr'>editor</span> <span class='ocrx_word' id='word_1_237' title='bbox 751 4161 852 4224; x_wconf 83' lang='lat' dir='ltr'>liardy:</span> <span class='ocrx_word' id='word_1_238' title='bbox 872 4179 893 4211; x_wconf 89' lang='lat' dir='ltr'>a.</span> <span class='ocrx_word' id='word_1_239' title='bbox 912 4162 936 4212; x_wconf 80' lang='lat' dir='ltr'>h.</span> <span class='ocrx_word' id='word_1_240' title='bbox 954 4161 963 4208; x_wconf 98' lang='grc'><strong>1</strong></span> <span class='ocrx_word' id='word_1_241' title='bbox 989 4178 1013 4224; x_wconf 84' lang='lat' dir='ltr'>p.</span> <span class='ocrx_word' id='word_1_242' title='bbox 1033 4173 1079 4207; x_wconf 88' lang='lat'>212</span> <span class='ocrx_word' id='word_1_243' title='bbox 1097 4162 1216 4221; x_wconf 88' lang='lat' dir='ltr'>„Nomen</span> <span class='ocrx_word' id='word_1_244' title='bbox 1233 4162 1314 4224; x_wconf 87' lang='lat' dir='ltr'>ipsum</span> 
     </span>
     <span class='ocr_line' id='line_1_31' title="bbox 238 4239 1318 4304; baseline 0.002 -19"><span class='ocrx_word' id='word_1_245' title='bbox 238 4239 281 4286; x_wconf 89' lang='lat' dir='ltr'>the</span> <span class='ocrx_word' id='word_1_246' title='bbox 298 4239 435 4302; x_wconf 82' lang='lat' dir='ltr'>profession</span> <span class='ocrx_word' id='word_1_247' title='bbox 453 4240 535 4288; x_wconf 76' lang='lat' dir='ltr'>alone,</span> <span class='ocrx_word' id='word_1_248' title='bbox 554 4239 668 4302; x_wconf 83' lang='lat' dir='ltr'>Trajan‘s</span> <span class='ocrx_word' id='word_1_249' title='bbox 686 4257 782 4288; x_wconf 86' lang='lat' dir='ltr'>answer</span> <span class='ocrx_word' id='word_1_250' title='bbox 800 4241 898 4304; x_wconf 88' lang='lat' dir='ltr'>implies</span> <span class='ocrx_word' id='word_1_251' title='bbox 915 4242 970 4289; x_wconf 86' lang='lat' dir='ltr'>that</span> <span class='ocrx_word' id='word_1_252' title='bbox 989 4241 1031 4288; x_wconf 89' lang='lat' dir='ltr'>the</span> <span class='ocrx_word' id='word_1_253' title='bbox 1050 4256 1117 4288; x_wconf 89' lang='lat' dir='ltr'>mere</span> <span class='ocrx_word' id='word_1_254' title='bbox 1134 4240 1273 4303; x_wconf 75' lang='lat' dir='ltr'>profession</span> <span class='ocrx_word' id='word_1_255' title='bbox 1291 4241 1318 4287; x_wconf 85' lang='lat' dir='ltr'>of</span> 
     </span>
    </p>
   </div>
   <div class='ocr_carea' id='block_1_6' title="bbox 238 4318 1314 4463">
    <p class='ocr_par' dir='ltr' id='par_1_11' title="bbox 238 4318 1314 4463">
     <span class='ocr_line' id='line_1_32' title="bbox 238 4318 1314 4384; baseline -0.001 -18"><span class='ocrx_word' id='word_1_256' title='bbox 238 4318 417 4381; x_wconf 84' lang='lat' dir='ltr'>Clrristiauity,</span> <span class='ocrx_word' id='word_1_257' title='bbox 433 4319 452 4366; x_wconf 84' lang='lat' dir='ltr'>is</span> <span class='ocrx_word' id='word_1_258' title='bbox 467 4320 588 4382; x_wconf 78' lang='lat' dir='ltr'>persisterl</span> <span class='ocrx_word' id='word_1_259' title='bbox 607 4320 640 4380; x_wconf 93' lang='lat' dir='ltr'>in,</span> <span class='ocrx_word' id='word_1_260' title='bbox 658 4321 677 4367; x_wconf 87' lang='lat' dir='ltr'>is</span> <span class='ocrx_word' id='word_1_261' title='bbox 697 4337 711 4367; x_wconf 86' lang='lat' dir='ltr'>a</span> <span class='ocrx_word' id='word_1_262' title='bbox 729 4320 879 4384; x_wconf 86' lang='lat' dir='ltr'>punishable</span> <span class='ocrx_word' id='word_1_263' title='bbox 896 4321 1000 4380; x_wconf 81' lang='lat' dir='ltr'>offence,</span> <span class='ocrx_word' id='word_1_264' title='bbox 1018 4321 1086 4383; x_wconf 90' lang='lat' dir='ltr'>quite</span> <span class='ocrx_word' id='word_1_265' title='bbox 1103 4328 1174 4383; x_wconf 86' lang='lat' dir='ltr'>apart</span> <span class='ocrx_word' id='word_1_266' title='bbox 1193 4319 1255 4367; x_wconf 87' lang='lat' dir='ltr'>lrom</span> <span class='ocrx_word' id='word_1_267' title='bbox 1265 4335 1314 4382; x_wconf 83' lang='lat' dir='ltr'>any</span> 
     </span>
     <span class='ocr_line' id='line_1_33' title="bbox 238 4396 1291 4463; baseline 0 -18"><span class='ocrx_word' id='word_1_268' title='bbox 238 4399 375 4463; x_wconf 87' lang='lat' dir='ltr'>particular</span> <span class='ocrx_word' id='word_1_269' title='bbox 383 4399 480 4459; x_wconf 80' lang='lat' dir='ltr'>crimes,</span> <span class='ocrx_word' id='word_1_270' title='bbox 489 4399 572 4447; x_wconf 86' lang='lat' dir='ltr'>which</span> <span class='ocrx_word' id='word_1_271' title='bbox 582 4399 654 4461; x_wconf 87' lang='lat' dir='ltr'>Pliny</span> <span class='ocrx_word' id='word_1_272' title='bbox 664 4399 819 4448; x_wconf 86' lang='lat' dir='ltr'>disbelieved</span> <span class='ocrx_word' id='word_1_273' title='bbox 829 4401 862 4460; x_wconf 88' lang='lat' dir='ltr'>in,</span> <span class='ocrx_word' id='word_1_274' title='bbox 872 4400 923 4447; x_wconf 87' lang='lat' dir='ltr'>and</span> <span class='ocrx_word' id='word_1_275' title='bbox 933 4400 1025 4462; x_wconf 82' lang='lat' dir='ltr'>Trajan</span> <span class='ocrx_word' id='word_1_276' title='bbox 1034 4400 1109 4447; x_wconf 84' lang='lat' dir='ltr'>omits</span> <span class='ocrx_word' id='word_1_277' title='bbox 1118 4406 1144 4446; x_wconf 92' lang='lat' dir='ltr'>to</span> <span class='ocrx_word' id='word_1_278' title='bbox 1156 4398 1267 4446; x_wconf 89' lang='lat' dir='ltr'>mention</span> <span class='ocrx_word' id='word_1_279' title='bbox 1278 4396 1291 4418; x_wconf 75' lang='lat'>&#39;³</span> 
     </span>
    </p>
   </div>
   <div class='ocr_carea' id='block_1_7' title="bbox 0 0 1562 5130">
    <p class='ocr_par' dir='ltr' id='par_1_12' title="bbox 0 0 1562 5130">
     <span class='ocr_line' id='line_1_34' title="bbox 0 0 1562 5130; baseline 0 0"><span class='ocrx_word' id='word_1_280' title='bbox 0 0 1562 5130; x_wconf 95' lang='lat' dir='ltr'> </span> 
     </span>
    </p>
   </div>
  </div>
 </body>
</html>
