3114 5130
808 453 826 512 8

276 642 410 703 modurn
433 650 560 716 notam,
586 641 786 721 imperatoris
810 638 889 699 illius
913 658 1046 699 manum
1058 636 1257 717 prodentem,
1271 653 1348 715 prae

275 788 309 829 se
332 769 409 830 ferre
432 766 585 849 epistolas
608 764 796 829 concedes''
816 765 844 846 ¹)

321 899 363 974 5⁰.
388 895 482 957 Plura
504 896 583 970 alia,
599 915 691 976 quae
714 894 755 954 ad
779 903 876 975 caput
899 911 999 953 unum
1023 889 1194 952 commode
1207 890 1347 950 revocari

275 1043 339 1082 non
370 1031 522 1103 possunt,
553 1022 584 1082 in
616 1020 759 1102 epistulis
790 1020 848 1081 illis
872 1019 988 1080 Heldio
1012 1038 1141 1079 summo
1166 1037 1263 1098 opere
1285 1015 1348 1076 dis-

273 1149 400 1230 plicent.
424 1148 606 1230 Epistulam
629 1148 668 1209 T.
694 1165 711 1227 3
736 1168 810 1208 cum
829 1147 891 1228 Ep.
913 1148 958 1226 ΙΙ,
978 1163 1010 1207 11
1034 1166 1179 1227 pugnare
1190 1144 1345 1219 affirmat;

272 1296 377 1356 neque
408 1277 511 1356 magis
542 1296 579 1336 ea
611 1295 694 1355 quae
723 1274 760 1335 T.
782 1274 826 1354 96
849 1284 1016 1335 narrentur
1037 1275 1118 1335 inter
1138 1292 1172 1333 se
1197 1273 1347 1352 componi

271 1424 377 1484 posse.
418 1402 523 1465 Valde
564 1422 695 1483 quoque
734 1401 903 1462 offenditur
937 1399 1080 1481 epistulis
1115 1399 1154 1460 T.
1196 1412 1249 1476 15,
1290 1398 1345 1473 16,

276 1544 313 1608 17
351 1531 400 1605 A,
437 1530 479 1606 Β,
517 1533 565 1592 18.
599 1567 639 1574 —
675 1528 823 1609 Denique
859 1549 934 1588 usus
965 1529 1051 1588 vocis
1075 1524 1258 1606 „Domine”
1283 1546 1347 1587 non

271 1657 397 1718 videtur
417 1658 444 1718 ei
464 1657 633 1718 convenire
656 1675 730 1718 cum
751 1655 826 1730 illis,
851 1674 934 1734 quae
958 1653 989 1713 in
1013 1654 1212 1733 Panegyrico
1226 1650 1269 1733 υ·’),
1293 1652 1348 1732 qui

271 1794 421 1861 vocatur,
446 1785 563 1845 Plinius
583 1782 739 1844 affirmat:
761 1802 846 1859 „non
865 1781 906 1842 de
924 1780 1073 1855 domino,
1095 1780 1151 1849 sed
1163 1780 1203 1839 de
1215 1788 1347 1859 parente

270 1910 464 1991 loquimur.''
478 1907 504 1994 ³)

315 2034 361 2098 60.
387 2038 445 2115 „In
469 2037 669 2116 universum,
694 2036 812 2114 inquit,
838 2037 869 2095 in
892 2034 1033 2115 epistolis
1057 2035 1232 2115 scripturae
1243 2054 1345 2114 genus

271 2161 456 2223 observabit
490 2163 590 2223 lector
624 2161 757 2243 diligens
792 2171 825 2222 et
859 2161 959 2221 Plinio
990 2162 1119 2241 Juniore
1150 2172 1183 2223 et
1206 2161 1344 2242 Trajano

270 2291 463 2370 imperatore
486 2309 616 2370 prorsus
639 2286 839 2368 iudignum.'’
853 2288 878 2369 ²¹)

314 2418 404 2495 „Iam
429 2416 541 2496 igitur,
566 2417 610 2478 ita
634 2416 730 2476 finem
754 2416 1017 2477 commentationi
1046 2417 1200 2497 imponit,
1219 2417 1346 2497 quoties

271 2564 354 2623 quae
388 2543 552 2624 disputata
582 2553 657 2605 sunt
681 2543 798 2623 colligo
821 2543 907 2624 apud
932 2545 1075 2604 animum
1107 2564 1233 2620 meum,
1258 2542 1344 2604 haud

270 2670 429 2730 immerito
451 2670 492 2731 de
515 2668 717 2732 laudatarum
737 2670 943 2751 epistolarum
965 2671 1100 2751 origine,
1126 2671 1255 2751 qualem
1279 2692 1345 2732 cre·

270 2796 418 2857 diderunt
440 2795 546 2858 adhuc
570 2797 626 2857 viri
650 2797 735 2859 docti
758 2796 907 2858 dubitare
931 2819 1027 2878 posse
1051 2797 1127 2858 mihi
1150 2797 1291 2859 videor.''

314 2924 489 3002 „Augetur
523 2923 682 2984 dubitatio
717 2945 755 2984 eo
788 2925 876 3004 ipso,
908 2925 996 3003 quod
1028 2926 1059 2985 in
1082 2927 1192 3006 paucis
1216 2936 1342 2988 tantum

269 3048 432 3110 codicibus
452 3050 531 3110 istae
552 3049 706 3130 epistolae
719 3051 918 3130 reperiuntur
929 3049 956 3132 ὗ)
971 3099 976 3111 .
993 3099 1000 3112 .
1016 3100 1022 3111 .
1038 3106 1040 3111 2
1058 3052 1197 3133 Objicies
1210 3053 1344 3115 sortasse

270 3175 456 3236 Tertulliani
482 3177 748 3238 auctoritatem..
765 3221 792 3238 ..
818 3177 940 3239 Verum
965 3189 996 3240 et
1020 3180 1206 3241 Tertulliani
1230 3192 1263 3243 et
1276 3182 1344 3242 reli-

269 3321 407 3381 quorum
440 3301 632 3381 seriptorum
646 3348 653 3362 .
668 3347 675 3363 .
690 3349 720 3366 ..
752 3305 935 3367 testimonia
961 3305 1023 3368 hoc
1047 3317 1173 3369 tantum
1198 3311 1346 3372 videntur

272 3498 462 3505 ——-—

305 3628 324 3689 ¹)
343 3629 411 3676 lietu
429 3629 445 3675 ll
472 3646 497 3692 p.
514 3642 553 3678 20.

302 3709 322 3767 ²)
340 3707 485 3769 Panegyric.
502 3725 530 3755 cc
556 3721 584 3767 2,
603 3721 625 3770 5.

303 3786 323 3848 ³)
342 3787 409 3834 [leld
428 3786 453 3834 ll.
471 3803 512 3850 pp.
531 3799 628 3851 20---25

302 3866 323 3931 ⁴)
344 3865 411 3912 lleld
428 3865 454 3914 ll.
473 3882 497 3928 p.
514 3878 554 3928 25.

303 3944 377 4007 ⁵1Ex
406 3945 435 3991 iis
459 3961 523 4008 quac
550 3946 597 3994 boc
624 3947 680 3995 loco
704 3949 1188 4016 aminneise‹›‹ljci}›1is’‘mosomo
1208 3956 1245 4001 rel
1266 3957 1344 4018 magis

268 4040 297 4071 ex
315 4025 344 4071 iis
362 4040 426 4087 quac
444 4024 520 4071 habet
538 4024 565 4075 ll.
583 4042 607 4088 p.
623 4038 671 4087 27:
689 4028 835 4086 „Lacunam
846 4030 945 4076 cmliccs¹
954 4046 1004 4078 uon
1015 4030 1138 4079 innuunt’'
1149 4040 1215 4079 recte
1224 4034 1343 4096 colligere

268 4104 329 4151 mihi
356 4104 443 4151 virlcor
470 4104 589 4151 ilelrlium
616 4121 666 4154 nou
693 4106 766 4154 luisse
794 4108 866 4155 valde
885 4118 1008 4156 versauun
1027 4111 1050 4156 iu
1068 4110 1197 4157 codicibus
1215 4111 1343 4163 plinianis.

268 4184 403 4230 Nesciebat
427 4183 543 4231 videlicet
570 4185 689 4246 epistulas
715 4187 817 4248 'l'rajaui
843 4194 868 4234 ct
895 4188 968 4234 Plinii
987 4189 1010 4234 in
1030 4190 1103 4236 nullu
1112 4191 1172 4252 jum
1190 4191 1268 4239 radice
1285 4193 1343 4254 legi.

268 4264 364 4327 (Unum
382 4263 500 4310 nimirum
520 4265 693 4328 apographum
714 4265 878 4313 Bodleianum
897 4267 916 4313 si
936 4267 1044 4330 excipias
1061 4270 1129 4331 quod
1149 4270 1216 4318 hisce
1229 4272 1301 4319 annis
1310 4272 1342 4319 ab

267 4343 373 4406 Ilarrlyo
390 4350 514 4408 repertum
533 4351 582 4407 cst,
601 4344 700 4409 dequo
718 4344 781 4393 infra
798 4347 910 4408 agemus]
