3114 5130
757 463 797 541 56

240 652 315 712 bam
330 652 359 711 in
382 651 460 711 urbe
484 660 592 713 nostra
606 672 648 711 ex
660 650 816 711 eiusmodi
830 670 926 711 causa
943 649 1112 730 collegium
1125 647 1317 709 Pontificum

238 778 315 838 adiri
347 777 464 851 solere,
491 786 539 852 te,
565 777 712 851 domine,
738 776 924 837 Maximum
950 774 1317 838 Pontificemconsulen-

237 904 315 964 dum
341 905 470 985 putavi,
495 904 571 984 quid
595 904 766 965 obseruare
790 923 841 964 me
864 902 972 964 velis''.
991 903 1022 982 ¹).

283 1031 342 1092 His
366 1032 409 1092 ita
433 1031 605 1112 respondet
628 1029 801 1110 Trajanus:

282 1159 430 1236 „Durum
458 1168 506 1220 est
529 1157 692 1238 injungere
716 1157 938 1218 necessitatem
962 1154 1209 1237 provincialibus
1232 1156 1314 1216 Pon-

237 1285 359 1346 tificum
394 1284 632 1358 adeundorum,
665 1285 691 1344 si
715 1283 861 1364 reliquias
884 1302 1015 1343 suorum
1040 1292 1171 1363 propter
1193 1282 1316 1362 aliquas

233 1411 337 1491 justas
370 1409 681 1492 causasltranslerre
712 1430 754 1470 ex
784 1408 855 1470 loco
887 1410 917 1469 in
949 1408 1046 1470 alium
1076 1408 1182 1470 locum
1206 1408 1313 1470 velint.

238 1537 409 1618 Sequenda
452 1557 528 1617 ergo
572 1537 679 1617 potius
721 1536 777 1597 tibi
820 1537 970 1617 exempla
1004 1546 1079 1598 sunt
1104 1556 1225 1597 eorum
1261 1537 1315 1617 qui

238 1665 287 1725 isti
318 1665 499 1745 provinciae
532 1662 752 1745 praefuerunt,
777 1684 819 1724 ex
842 1683 939 1724 causa
962 1664 1077 1743 cuique
1099 1664 1143 1725 ita
1166 1672 1222 1724 aut
1245 1683 1315 1743 per-

240 1791 432 1853 mittendum
456 1800 512 1852 aut
537 1788 790 1870 negandum'sl).

283 1917 448 1978 Miraberis
480 1936 621 1992 mecum,
655 1917 756 1977 amice
786 1916 902 1991 lector,
933 1916 1009 1996 quid
1038 1916 1169 1977 tandem
1198 1917 1229 1977 in
1253 1915 1314 1978 hoc

238 2045 392 2125 rescripto
414 2044 584 2124 perspicuo
604 2052 736 2123 tamque
756 2043 896 2123 benigno
914 2043 1116 2105 acutissimus
1132 2041 1181 2103 ille
1194 2043 1315 2122 Ussing

239 2168 537 2251 reprehendendum
561 2169 724 2230 invenerit.
751 2170 822 2249 Jam
846 2169 934 2244 audi,
960 2170 1128 2250 magisque
1149 2170 1313 2231 mirabere.

238 2296 311 2375 „De
346 2295 564 2376 sepulcrorum
601 2295 807 2357 translatione
840 2296 971 2377 aliisque
1002 2297 1032 2357 id
1063 2317 1166 2377 genus
1196 2333 1239 2342 -
1271 2298 1315 2360 ita

238 2423 301 2484 tere
333 2423 453 2503 Ussing
486 2459 524 2466 -
557 2423 682 2483 Romae
705 2423 897 2484 Pontificum
913 2423 1055 2504 'collegio
1079 2425 1314 2485 decernendum

192 2593 193 2598 κ
238 2560 306 2612 erat
315 2571 322 2626 3
358 2570 456 2630 quare
491 2569 553 2609 non
589 2549 725 2630 putabat
759 2550 875 2610 Plinius
905 2571 939 2610 se
964 2570 1012 2610 res
1036 2549 1115 2612 tales
1139 2551 1314 2632 transigere

175 2683 176 2686 ’
237 2668 350 2759 posse,
370 2677 445 2758 quin
466 2676 506 2737 ad
526 2677 767 2757 Imperatorem,
788 2685 902 2756 utpote
921 2676 1108 2738 Pontificem
1121 2679 1313 2753 Maximum,

238 2805 324 2866 illam
355 2804 482 2866 referret
524 2805 649 2884 Aperte
680 2804 932 2883 etvnominatim
963 2803 1139 2888 („tydlig”)
1169 2806 1244 2867 dicit
1263 2805 1315 2884 jus

239 2931 428 2992 decernendi
459 2931 499 2991 de
529 2931 565 2991 iis
597 2931 691 2991 rebus
711 2931 751 2998 ,in
784 2932 952 3011 provinciis
985 2952 1189 3013 nequaquam
1217 2953 1316 3013 penes

239 3056 409 3118 Pontifices
439 3078 508 3117 esse
533 3057 589 3118 sed
613 3077 711 3137 penes
735 3056 839 3117 solum
864 3057 1051 3120 Pontificem
1075 3058 1266 3120 Maximum.
1285 3061 1314 3142 ³)

239 3183 398 3262 Responsi
421 3191 533 3244 auctor
556 3202 762 3263 nequaquam
786 3181 847 3244 hoc
870 3183 1042 3261 intellexit,
1065 3185 1121 3246 sed
1141 3185 1314 3265 Trajanum

239 3309 487 3390 respondentem
523 3309 657 3370 inducit:
690 3308 838 3386 „Durum
870 3319 919 3371 est
949 3309 1032 3372 etc.'’
1063 3312 1247 3389 Praeterea,
1281 3323 1316 3374 ut

240 3436 330 3513 solet,
357 3457 459 3517 neque
483 3435 621 3498 affirmat
644 3436 820 3516 quidquam
846 3457 950 3517 neque
974 3448 1088 3518 negat,
1112 3439 1168 3500 sed
1181 3439 1314 3500 Plinium
1363 3519 1365 3522 Ι

240 3566 347 3645 ipsum
371 3585 412 3624 ex
436 3564 591 3643 cuiusque
616 3583 713 3624 causa
737 3573 878 3625 statuere
897 3563 1010 3643 jubet''
1026 3563 1066 3648 ⁴).

286 3690 375 3751 Haec
403 3691 532 3769 Ussing.
558 3690 700 3765 Taedet,
726 3699 761 3752 ut
784 3711 895 3751 verum
919 3691 1034 3770 fatear,
1061 3692 1169 3754 taedet
1191 3694 1317 3775 singula

241 3819 302 3880 hoc
334 3819 405 3879 loco
437 3838 619 3898 percurrere
652 3828 687 3880 ut
717 3819 886 3881 ostendam
918 3830 1040 3900 quanta
1063 3819 1193 3883 levitate
1215 3823 1246 3882 in
1269 3822 1318 3883 his

241 3945 415 4010 tractandis
447 3944 615 4024 Ussingius
639 3954 784 4007 versatus
807 3946 857 4006 sit.
882 3945 988 4008 Nihilo
1013 3947 1117 4008 minus
1141 3957 1249 4011 tamen
1274 3948 1316 4010 ob

278 4194 294 4253 ¹)
314 4196 343 4245 Τ,
362 4194 401 4244 68,
672 4196 690 4256 ²)
710 4199 738 4247 T.
757 4197 797 4258 69.

276 4273 296 4337 ⁸)
317 4275 372 4321 llae
390 4274 414 4320 in
434 4291 458 4322 re
476 4276 571 4323 l'allitm·
588 4276 687 4337 Ussing.

275 4352 295 4421 4)
316 4354 407 4430 Ussing
425 4355 450 4405 ll.
469 4372 492 4419 p.
514 4355 552 4411 16,
