3114 5130
760 439 803 516 46

245 624 331 682 omni
359 634 451 703 parte
475 622 609 703 placere.
633 623 724 685 Licet
748 625 829 685 enim
856 625 999 704 iniquum
1024 622 1098 684 illud
1122 644 1237 685 vocare
1262 644 1323 684 non

244 751 364 824 ausim,
396 770 469 810 cum
502 751 684 830 nequissimi
715 749 756 810 illi
779 749 925 811 homines
949 751 1003 830 qui
1028 749 1166 810 misellos
1191 750 1325 811 infantes

244 876 462 952 sustulissent,
494 878 605 957 poenis
636 877 824 957 plerumque
855 898 953 956 quam
985 877 1134 957 praemiis
1166 877 1325 956 digniores

214 1050 217 1057 .
244 1013 350 1064 essent
371 999 399 1086 ¹)
431 1023 494 1063 non
525 1003 618 1064 valde
649 1003 822 1083 prudenter
845 1013 954 1064 tamen
978 1002 1153 1082 Trajanum
1176 1001 1238 1063 hoc
1261 1012 1325 1063 sta-

243 1130 342 1190 tuisse
374 1129 456 1190 ultro
487 1130 716 1190 concesserim:
742 1149 806 1189 non
830 1150 950 1210 paucos
975 1130 1059 1189 eninr
1083 1128 1145 1189 hoc
1169 1149 1323 1208 responso

243 1277 262 1315 a
281 1255 428 1317 tollendis
445 1257 683 1335 educandisque
695 1256 850 1336 expositis
863 1255 1031 1317 deterritos
1044 1275 1114 1316 esse
1126 1255 1320 1316 crediderim.

288 1383 397 1464 Quare
428 1392 460 1444 et
491 1384 683 1463 posteriores
707 1383 864 1463 principes
888 1382 948 1443 alia
972 1382 1031 1442 sibi
1056 1383 1227 1443 statuenda
1254 1402 1323 1441 esse

242 1509 413 1572 duxerunt.
440 1510 488 1570 lta
512 1508 744 1570 Constantinus
763 1508 920 1599 Magnus:
942 1506 1182 1587 „Quicumque
1195 1553 1202 1569 .
1214 1553 1239 1567 ..
1253 1505 1324 1590 (ex-

243 1637 383 1716 positum
423 1631 611 1717 susceperit)
647 1617 784 1695 eundem
821 1635 955 1695 retincat
991 1635 1052 1694 sub
1087 1635 1201 1695 eodem
1236 1643 1322 1694 statu

243 1781 340 1841 quem
369 1763 456 1842 apud
486 1782 520 1821 se
548 1760 751 1822 recollectum
775 1760 912 1822 voluerit
935 1762 1075 1841 agitare,
1100 1760 1162 1822 hoc
1185 1771 1234 1822 est
1257 1761 1324 1820 sive

243 1887 360 1961 filium,
393 1889 459 1948 sive
490 1906 617 1947 servum
650 1907 719 1947 esse
750 1888 900 1947 maluerit
910 1908 917 1962 3
947 1888 1034 1946 omni
1058 1887 1254 1967 repetitionis
1278 1886 1324 1945 in-

242 2014 427 2094 quietudine
451 2014 578 2094 penitus
602 2012 856 2076 submovenda.''
876 2010 906 2095 ²)

287 2141 330 2202 Et
343 2139 544 2201 Theodosius
558 2141 603 2200 ll:
624 2139 778 2219 „Nullum
792 2140 928 2200 dominis
940 2139 990 2199 vel
1004 2140 1146 2219 patronis
1155 2140 1322 2219 ⁸repetendi

242 2268 364 2328 aditum
388 2266 614 2348 relinquimus”
630 2265 666 2351 ³³).

285 2396 482 2474 Jnstinianus
504 2395 663 2469 demum‚·
677 2414 750 2454 cum
775 2392 955 2455 Christiana
983 2391 1109 2471 Religio
1135 2412 1191 2472 per
1214 2401 1320 2452 totum

241 2522 413 2601 Imperium
444 2519 630 2580 Romanum
654 2520 792 2599 vigeret,
818 2520 1058 2599 pessimumque
1081 2518 1168 2591 illum
1198 2537 1320 2577 morem

240 2658 367 2709 tantum
389 2668 452 2706 non
472 2647 673 2720 extinxisset‚
694 2646 777 2706 idem
795 2645 858 2705 fere
870 2645 956 2725 quod
969 2644 1127 2723 Trajanus
1140 2645 1320 2706 constituit:

285 2772 474 2850 „Sancimus
486 2820 492 2833 .
506 2819 510 2829 .
523 2819 549 2833 ..
576 2793 680 2853 neque
699 2771 747 2832 his
767 2772 822 2852 qui
842 2791 897 2832 eos
914 2772 1100 2832 nutriendos
1112 2771 1318 2844 sustulerunt,

241 2900 400 2961 licentiam
435 2899 565 2960 concedi
581 2947 587 2958 .
603 2945 610 2959 .
626 2947 653 2961 ..
690 2919 745 2958 cos
770 2898 879 2959 tollere
903 2907 935 2959 et
958 2898 1182 2959 educationem
1208 2917 1318 2957 eorum

246 3081 436 3088 -—-—

277 3211 295 3271 '·)
314 3211 355 3259 csr.
374 3210 522 3273 Marquardt
540 3210 558 3255 ll
584 3226 626 3272 pp.
646 3223 659 3271 3
679 3218 702 3256 et
720 3208 752 3272 83
773 3209 779 3217 '

275 3290 295 3351 2)
314 3291 368 3338 Cod
404 3289 530 3335 Theodos.
557 3299 579 3351 5,
608 3300 631 3349 7,
660 3301 668 3335 ι
699 3288 803 3351 Saepius
827 3289 1007 3339 Constantinus
1032 3293 1140 3352 Magnus
1163 3291 1317 3353 snperiornm

239 3370 377 3434 principum
397 3367 480 3415 edicta
498 3366 608 3431 (mitiora
627 3384 702 3430 qnam
721 3376 835 3430 tempora
852 3369 1024 3433 patiebantur)
1040 3370 1170 3430 abrogavit
1187 3377 1211 3417 et
1226 3369 1319 3432 priscas

239 3451 306 3511 leges
324 3448 430 3496 restitnit
448 3447 490 3496 csr.
509 3447 573 3498 Cod.
593 3447 642 3495 lust
663 3462 687 3507 4,
699 3461 740 3508 43,
757 3438 1320 3510 11⁰1:suppJu'alnianunranzi-imianus

240 3531 296 3579 dil.
318 3537 342 3575 et
360 3528 411 3577 CC.
430 3526 548 3574 Aureliae
568 3526 720 3588 l'apinianae
737 3525 860 3584 „liberos
880 3543 894 3573 a
913 3528 1059 3590 parentibus
1077 3542 1157 3590 neque
1168 3527 1319 3574 venditimris

238 3623 318 3671 neque
342 3606 485 3654 donationis
509 3606 582 3652 titulo
608 3621 687 3668 neque
706 3605 817 3668 pignoris
832 3604 887 3666 jure
906 3615 948 3653 aut
966 3607 1079 3669 quolibet
1098 3606 1148 3652 alio
1167 3605 1243 3650 modo
1247 3643 1318 3653 ,,,,,

239 3698 262 3743 jn
281 3687 357 3733 alium
377 3683 503 3731 transferri
523 3698 595 3746 posse
615 3683 737 3729 manifesti
755 3683 816 3744 juris
834 3682 895 3733 est.'¹

272 3765 321 3811 Sed
347 3763 408 3811 ilrid.
428 3762 463 3813 11⁰,
483 3776 511 3809 2:
529 3762 593 3822 Imp.
616 3761 800 3807 (fmnumn'mn
818 3763 885 3824 Aug,
907 3762 1101 3827 provintialibus
1118 3762 1181 3808 suis:
1198 3762 1244 3819 „Si
1262 3761 1316 3822 quis

238 3851 339 3905 propter
366 3841 468 3888 nimiam
494 3846 666 3902 paupertatem
686 3847 871 3903 egestatemque
891 3841 969 3889 victus
996 3841 1073 3888 lilium
1094 3840 1202 3888 [illatore
1220 3839 1319 3899 sangni-

237 3921 354 3967 noleutos
373 3919 527 3975 vendiderit,
546 3917 691 3964 venditione
709 3917 733 3963 in
752 3918 799 3965 hoc
817 3927 913 3967 tautum
931 3922 1007 3967 modo
1024 3938 1082 3968 casn
1099 3921 1205 3981 valente,
1215 3927 1316 3982 emptor

237 3998 368 4046 obtinendi
396 3998 450 4044 eins
477 3997 570 4043 servitii
589 3996 682 4043 lrabeat
700 3996 851 4047 facultatem,
871 3998 953 4046 liceat
975 4010 1057 4047 autem
1078 4000 1123 4063 ipsi
1142 4000 1183 4062 qui
1203 3999 1315 4046 vendidit

237 4079 275 4125 rel
302 4078 342 4140 qui
369 4076 492 4122 alienatus
519 4084 554 4121 est
583 4083 625 4122 ant
652 4075 751 4122 cuilibet
781 4076 822 4122 alii
849 4078 881 4123 ad
908 4079 1087 4139 ingenuitatem
1113 4078 1238 4141 propriam
1258 4092 1315 4124 enm

236 4163 361 4219 repetere,
388 4155 464 4201 modo
482 4155 500 4200 si
520 4161 562 4201 ant
582 4155 687 4217 pretinm
708 4155 880 4219 asserat-quod
899 4168 981 4214 potest
1000 4159 1083 4206 valere
1101 4166 1143 4205 aut
1161 4157 1314 4218 mancipium

236 4251 281 4297 pro
299 4235 441 4281 huiusmodi
460 4235 593 4297 praestet.''

271 4312 290 4371 ³)
308 4315 371 4363 Cod.
390 4313 517 4369 Theodos,
535 4323 557 4374 5,
577 4324 598 4372 7,
618 4325 639 4362 2,
