3114 5130
754 517 797 580 70

237 692 371 753 Plinius:
400 691 496 752 luisse
520 703 553 752 et
577 691 653 751 olim
676 692 876 771 cognitiones
899 690 939 750 de
965 689 1170 765 Christianis,
1195 708 1316 771 eosque

237 839 306 879 esse
341 820 488 899 punitos:
524 819 579 879 sed
615 840 680 898 qua
712 838 834 898 poena,
866 838 931 899 qua
964 818 1051 899 lege,
1077 839 1142 899 quo
1167 820 1317 880 crimine?

236 944 315 1006 haec
346 947 477 1006 omnino
510 947 654 1025 ignorat:
682 945 790 1024 „Ptine
814 966 854 1006 ne
875 947 935 1008 sait
958 945 1077 1027 qu'une
1101 945 1215 1007 chose:
1239 945 1317 1008 c’est

238 1071 315 1153 qu’il
343 1094 366 1151 y
391 1094 410 1134 a
442 1056 504 1134 une
527 1052 703 1153 procedure
728 1084 838 1134 contre
863 1073 907 1133 les
935 1072 1117 1149 Chretiens,
1144 1072 1316 1153 puisqu'on

237 1199 282 1260 les
314 1220 445 1279 accuse;
478 1199 582 1280 quelle
606 1209 655 1261 est
679 1199 759 1260 elle?
785 1199 805 1260 il
828 1197 994 1279 l’ignore.'’
1019 1198 1063 1261 Et
1087 1199 1197 1279 paucis
1221 1199 1316 1259 inter-

234 1327 343 1408 jectis:
369 1328 561 1407 „ignorance
585 1327 745 1408 complete
768 1327 808 1387 de
832 1327 862 1387 la
885 1326 1062 1407 procedure
1082 1326 1184 1386 suivie
1206 1333 1317 1386 contre

239 1452 439 1518 Chretiens''
458 1451 482 1538 ')

284 1583 374 1644 Haec
397 1584 445 1643 vir
467 1583 672 1644 doctissimus
698 1603 737 1642 eo
749 1582 881 1643 consilio
896 1581 1051 1662 affirmat,
1067 1592 1102 1643 ut
1114 1583 1139 1641 si
1153 1583 1183 1641 in
1196 1580 1317 1660 reliqua

239 1708 374 1789 epistula
408 1709 570 1789 quaedam
604 1710 734 1770 inventa
769 1708 885 1770 fuerint
920 1729 1004 1789 quae
1040 1718 1106 1770 tam
1144 1707 1317 1768 incredibili

240 1837 428 1915 ignorantae
452 1836 679 1916 adversentur,
704 1835 785 1896 illico
811 1836 922 1897 inferat
936 1857 973 1896 ea
986 1837 1092 1917 spuria
1105 1846 1136 1897 et
1150 1837 1317 1917 supposita

240 1981 319 2021 esse.
353 1961 462 2042 Quare
488 1960 555 2041 jam
583 1959 644 2022 hoc
668 1961 738 2022 loco
762 1981 879 2042 operae
903 1962 1041 2041 pretium
1065 1963 1157 2024 fuerit
1181 1971 1247 2024 tam
1272 1965 1317 2024 in-

241 2087 383 2148 auditam
426 2095 458 2148 et
492 2086 706 2147 incredibilem
741 2087 836 2168 plane
869 2088 1053 2168 opinionem
1089 2087 1237 2149 refellere.
1273 2089 1317 2151 Et

242 2213 381 2293 primum
417 2213 547 2293 quidem
579 2214 676 2275 etiam
708 2214 759 2275 hic
783 2215 939 2275 adnotare
962 2214 1051 2276 lubet
1075 2224 1197 2294 quanto
1221 2233 1318 2295 opere

242 2340 282 2401 illi
314 2342 368 2422 qui
399 2342 430 2401 in
462 2340 523 2402 hac
548 2340 684 2421 epistula
709 2341 916 2403 Aristarchos
939 2362 1035 2422 agere
1058 2351 1216 2404 conantur
1238 2342 1320 2403 inter

242 2489 275 2528 se
288 2468 487 2530 dissentiant.
507 2468 627 2529 Aubeo
640 2469 757 2530 Plinius
770 2470 896 2531 videtur
903 2469 1148 2549 jurisconsultus
1161 2469 1317 2550 egregius,

241 2597 296 2677 qui
320 2597 512 2676 cognitionis
535 2597 575 2657 de
600 2595 785 2659 Christianis
808 2583 935 2658 habitas
958 2597 1069 2658 intime
1082 2597 1180 2673 novit,
1195 2597 1318 2677 Dupuy

242 2723 379 2784 eundem
416 2734 483 2785 tam
519 2722 655 2785 stultum
687 2733 719 2785 et
750 2724 897 2803 ignarum
929 2721 987 2783 sibi
1012 2721 1150 2802 effingit,
1177 2731 1211 2782 ut
1234 2741 1319 2802 quae

242 2849 293 2910 vel
322 2850 465 2930 privatus
488 2850 624 2931 quisque
648 2850 755 2932 sciret,
780 2871 818 2911 ea
841 2850 910 2931 ipse
933 2869 1063 2929 prorsus
1087 2850 1251 2930 ignorasse
1273 2850 1320 2909 vi-

243 2976 365 3038 deatur.

288 3104 400 3184 Porr0‚
437 3105 561 3165 etiamsi
596 3103 712 3164 Plinius
747 3123 810 3164 non
845 3102 948 3182 multo
978 3102 1091 3164 melius
1123 3101 1320 3165 Christianos

244 3240 354 3293 nosset
376 3251 475 3312 quam
498 3209 672 3293 Suetonius
698 3240 730 3292 et
749 3231 896 3306 TacituS,
911 3229 972 3291 hoc
985 3240 1093 3291 tamen
1107 3251 1209 3311 aeque
1223 3241 1322 3311 atque

244 3357 303 3438 ipsi
327 3357 464 3433 sciebat,
491 3356 688 3419 Christianos
712 3378 776 3418 non
796 3366 921 3418 tantum
936 3356 1030 3417 luisse
1042 3367 1209 3419 accusatos
1223 3348 1322 3439 atquc

245 3485 374 3565 punitos
408 3484 463 3545 sed
498 3484 548 3545 vel
584 3483 772 3545 Domitiano
808 3483 985 3563 imperante
1016 3482 1143 3564 capitali
1166 3483 1322 3564 supplicio

246 3631 315 3673 esse
338 3610 478 3672 affectos.
498 3609 528 3693 2)
553 3610 691 3671 Accedit
715 3609 822 3690 quod,
847 3629 921 3669 cum
948 3609 978 3668 in
1003 3606 1113 3687 Syria,
1128 3608 1159 3670 in
1171 3629 1236 3689 qua
1249 3629 1323 3689 pro-

246 3739 349 3798 vincia
383 3736 537 3817 plurimos
571 3737 667 3797 fuisse
702 3734 898 3799 Christianos
923 3735 1087 3810 novimus,
1103 3735 1127 3815 8)
1156 3734 1322 3811 militaret,

247 3863 349 3925 multo
378 3863 449 3944 plus
474 3864 628 3943 temporis
656 3861 922 3943 philosophorum
946 3872 979 3924 et
1001 3861 1165 3924 rhetorum
1190 3883 1325 3924 consue-

247 3989 350 4050 tudini
381 4009 479 4069 quam
511 3990 555 4049 rei
588 3988 713 4063 militari
746 3988 963 4069 impenderat,
987 3989 1031 4050 ita
1058 3997 1094 4050 ut
1117 3989 1194 4051 satis
1218 3989 1324 4050 verisi-

285 4239 304 4302 ¹)
322 4243 414 4304 Dupuy
432 4241 459 4289 ll.
477 4258 500 4304 p.
524 4239 577 4302 187.

286 4323 308 4378 ⁹)
327 4320 370 4369 clr.
390 4322 494 4378 Suetou,
511 4319 644 4368 Domitian
664 4331 692 4366 12
711 4319 754 4370 cfr.
772 4325 797 4366 et
814 4319 896 4366 Claud
922 4330 952 4382 25
971 4320 1062 4368 Neroe.
1082 4319 1118 4366 16.

286 4399 306 4460 ³)
324 4400 366 4450 cfr.
386 4400 442 4449 Act.
462 4400 550 4464 Apost.
568 4398 606 4445 XI
623 4410 663 4461 21,
681 4411 722 4460 24,
739 4397 779 4448 26.
