3114 5130
762 476 798 546 31

284 652 342 729 At,
363 654 511 716 miseram
531 653 659 734 Trajani
679 655 816 716 sortem!
839 655 892 734 qui
914 675 953 715 ne
969 655 1013 717 ita
1025 654 1156 736 quidem
1170 649 1322 735 Ussingio

238 781 363 862 placere
396 783 513 863 possit:
545 783 600 863 qui
631 782 776 844 sordidus
807 782 908 844 suerat
940 783 1093 863 prodigus
1124 782 1225 844 factus
1256 791 1321 843 est:

172 979 176 986 ¹
239 908 396 986 „etenim,
439 909 541 990 inquit
587 910 725 989 Ussing,
772 907 961 972 alterutrum
1008 909 1125 970 Plinius
1166 910 1323 990 petiverat

239 1035 458 1117 („libratorem
489 1036 539 1098 vel
570 1033 825 1120 architectum'),
851 1037 874 1096 si
901 1056 978 1116 ergo
1002 1034 1192 1116 Calpurnius
1214 1036 1323 1096 Macer

221 1161 421 1223 ⁴libratorem
453 1163 560 1224 mittet
591 1163 631 1223 ad
655 1163 730 1243 quid
754 1162 912 1242 Trajanus
936 1161 1090 1225 artificem
1115 1183 1148 1223 se
1171 1163 1322 1224 daturum

240 1273 398 1368 promittit
408 1275 440 1350 ?'⁵
460 1285 499 1373 ¹).

284 1417 357 1477 Non
382 1416 507 1478 videtur
529 1416 647 1478 scilicet
671 1417 854 1478 meminisse
876 1417 923 1477 vir
940 1416 1143 1479 doctissimus
1156 1434 1229 1476 cum
1243 1414 1322 1476 haec

239 1544 405 1620 scriberet,
426 1564 640 1625 eorumquae
661 1545 691 1604 in
713 1544 773 1604 alia
795 1543 941 1624 epistula,
963 1542 1075 1629 (quam
1096 1543 1194 1605 Plinio
1215 1542 1322 1604 deberi

238 1673 412 1734 rectissime
446 1668 623 1756 contendit)
658 1670 825 1752 leguntur:
859 1692 993 1750 „verum
1026 1682 1058 1734 et
1088 1670 1168 1732 haec
1199 1680 1231 1732 et
1262 1670 1323 1731 alia

240 1798 341 1860 multo
375 1798 522 1879 sagacius
557 1788 722 1879 conquiret
758 1798 1006 1880 explorabitque
1041 1797 1188 1874 librator,
1225 1818 1321 1879 quem

239 1927 349 2008 plane,
381 1927 526 1999 domine,
552 1925 650 1987 debes
674 1926 816 2000 mittere,
843 1935 877 1987 ut
901 1924 1088 2006 polliceris’'.
1115 1925 1210 1989 Unde
1234 1935 1321 1988 certo

238 2056 354 2117 certius
395 2053 553 2133 colligitur
586 2052 760 2133 Trajanum
797 2062 828 2114 et
863 2072 897 2113 se
931 2052 1114 2115 libratorem
1151 2053 1321 2113 missurum

239 2181 442 2262 significasse.
489 2179 549 2256 Et,
597 2200 671 2241 cum
713 2180 822 2260 paucis
858 2179 1027 2260 interjectis
1057 2180 1156 2241 addat
1187 2181 1321 2240 Plinius:

239 2327 322 2388 „ego
354 2307 478 2369 interim
511 2305 683 2387 Calpurnio
715 2306 843 2381 Macro.
875 2305 1049 2368 clarissimo
1080 2307 1164 2380 viro,
1189 2315 1321 2368 auctore

230 2445 272 2497 'te
292 2434 417 2515 scripsi,
438 2442 474 2495 ut
494 2433 678 2495 libratorem
699 2452 797 2513 quam
819 2434 961 2494 maxime
981 2433 1130 2494 idoneum
1149 2431 1321 2508 mitteret'',

238 2561 338 2642 liquet
361 2560 504 2641 profecto
527 2559 702 2640 Trajanum
728 2559 827 2620 Plinio
851 2559 946 2620 fuisse
969 2570 1133 2622 auctorem
1159 2570 1193 2621 ut
1214 2581 1232 2621 a
1250 2559 1322 2622 Cal·
1355 2584 1357 2588 ’

239 2689 352 2770 purnio
375 2673 486 2750 Macro
510 2707 641 2768 quoque
664 2687 767 2747 virum
791 2687 946 2748 eiusmodi
969 2696 1104 2767 peteret.
1124 2688 1155 2770 ²)

284 2817 377 2898 Quae
394 2835 473 2886 ,cum
498 2824 529 2876 et
553 2815 634 2876 inter
654 2834 688 2874 se
712 2823 744 2876 et
768 2834 842 2875 cum
866 2813 923 2875 illis
946 2834 1030 2894 quae
1052 2834 1149 2895 supra
1172 2815 1323 2894 leguntur

240 2943 361 3024 optime
391 2951 587 3022 congruant,
620 2940 696 3021 quid
728 2941 758 3001 in
791 2938 878 3002 hisce
896 2939 967 3020 jure
991 2939 1178 3021 reprehendi
1202 2943 1321 3022 possit,

240 3069 387 3151 equidem
417 3088 556 3131 menon
580 3067 686 3128 videre
710 3065 876 3128 confiteor.

283 3197 318 3256 ln
348 3194 509 3276 republica
530 3194 780 3255 administranda
798 3195 930 3255 omnino
947 3191 1141 3256 abhorrebat
1165 3193 1322 3274 Trajanus

240 3322 281 3384 ab
305 3323 417 3383 insano
440 3321 492 3382 illo
517 3320 637 3396 studio,
664 3341 729 3401 quo
753 3319 848 3382 hodie
869 3319 955 3382 haud
977 3323 1069 3402 pauci
1089 3322 1246 3403 principes
1265 3322 1322 3411 viri

240 3451 414 3523 ducuntur3
460 3449 514 3528 qui
560 3457 628 3509 tum
669 3447 799 3508 demum
831 3448 998 3527 imperium
1030 3468 1206 3527 regnumve
1238 3457 1322 3509 recte

240 3577 299 3638 sibi
329 3575 478 3636 videntur
512 3575 702 3653 instituisse,
738 3552 762 3634 si
787 3593 899 3652 omnes
923 3573 1118 3654 provincias,
1143 3594 1322 3660 omnesque

240 3713 369 3784 gentes,
395 3701 445 3762 vel
469 3702 550 3763 inter
574 3721 607 3761 se
631 3700 878 3777 diversissimas,
902 3700 1012 3760 iisdem
1038 3699 1162 3780 legibus
1186 3701 1322 3762 adstrin-

240 3828 395 3915 xerintl).

284 3957 425 4019 Nolebat
448 3955 714 4036 prudentissimus
735 3955 909 4035 imperator
928 3955 957 4038 in
978 3963 1069 4017 tanto
1089 3955 1222 4035 imperio
1234 3976 1321 4033 „una

240 4161 436 4170 -.—-..-.-—--

275 4295 294 4361 ι)
313 4297 406 4358 Ussing
423 4296 448 4346 ll.
468 4313 509 4360 pp.
531 4307 559 4343 12
578 4310 628 4358 seq.
766 4292 785 4358 2)
805 4294 833 4344 Τ.
853 4293 892 4344 61.

276 4374 296 4442 ὅ)
315 4376 357 4427 cfr.
376 4377 407 4423 de
424 4376 449 4423 la
467 4376 548 4437 Berge
565 4375 592 4425 ll.
610 4391 652 4437 pp.
674 4372 719 4421 118
737 4390 773 4436 sq.
793 4381 817 4418 et
836 4389 879 4434 pp.
899 4384 943 4433 132
962 4388 998 4434 sq.
