3114 5130
800 465 839 529 16

278 672 310 724 et
334 661 493 722 bonarum
517 661 693 722 litterarum
718 659 968 732 studiosissimo;
992 657 1080 738 quod
1104 666 1136 719 et
1160 657 1288 718 easdem
1301 654 1358 718 Se-

278 788 372 851 cundi
403 787 554 868 epistolas
584 787 626 848 ab
656 807 696 847 eo
727 788 796 866 ipso
828 785 1003 866 exemplari
1026 805 1045 845 a
1068 805 1102 845 se
1126 785 1302 865 descriptas
1326 785 1356 844 in

278 915 380 977 Gallia
412 915 596 995 diligenter,
630 924 665 977 ut
696 914 769 974 facit
800 913 926 988 omnia,
958 921 991 972 et
1021 932 1079 972 sex
1110 911 1170 972 alia
1193 910 1356 972 volumina

279 1043 504 1124 epistolarum,
529 1044 645 1123 partim
665 1043 899 1122 manuscripta,
920 1042 1037 1122 partim
1050 1041 1204 1121 impressa
1217 1040 1357 1121 quidem,

278 1169 334 1229 sed
357 1189 430 1229 cum
455 1169 594 1249 antiquis
617 1167 733 1229 collata
757 1167 995 1249 exemplaribus
1011 1166 1052 1247 ¹),
1077 1166 1117 1227 ad
1142 1186 1194 1226 me
1213 1166 1281 1245 ipse
1300 1186 1357 1225 sua
1412 1183 1415 1189 ·

279 1305 413 1376 sponte,
433 1315 517 1376 quae
536 1296 634 1376 ipsius
655 1304 704 1357 est
725 1314 801 1374 erga
821 1295 982 1356 studiosos
999 1273 1123 1354 omneis
1135 1292 1358 1354 benevolentia

278 1421 513 1501 adportaverit,
556 1420 652 1501 idque
693 1421 822 1481 biennio
857 1430 1032 1500 antequam
1069 1430 1105 1482 tu
1140 1422 1245 1501 ipsum
1282 1419 1358 1480 mihi

278 1547 444 1627 exemplar
466 1546 694 1628 publicandum
718 1546 889 1609 dedisses.'’
905 1546 928 1629 ²)

324 1674 414 1735 Haec
445 1674 567 1750 Aldus,
600 1695 695 1756 quem
720 1684 752 1736 et
781 1673 1005 1755 apographum
1028 1675 1145 1737 codicis
1168 1697 1188 1736 a
1211 1677 1358 1755 Jucundo

279 1802 457 1863 Veronensi
477 1801 674 1876 confectum,
697 1810 730 1862 et
747 1803 851 1882 ipsum
864 1803 1007 1863 codicem
1019 1802 1195 1863 Parisinum
1207 1802 1358 1864 habuisse

279 1939 311 1991 et
335 1930 449 2010 legisse
472 1950 514 1990 ex
539 1928 643 1990 verbis
666 1928 769 1990 allatis
792 1937 935 2010 apparet.

324 2056 407 2119 Cum
427 2077 493 2137 quo
516 2057 598 2118 bene
621 2057 795 2118 concordat
818 2056 898 2117 alius
923 2057 1030 2135 testis,
1055 2076 1193 2136 magnae
1216 2057 1358 2138 prolecto

280 2186 493 2250 auctoritatiS.
526 2183 703 2246 Gulielmus
734 2184 902 2259 Budaeus,
934 2185 988 2264 qui
1019 2184 1161 2245 codicem
1198 2184 1283 2245 illum
1316 2185 1357 2245 ab

280 2311 394 2370 eodem
426 2310 573 2390 Jucundo
604 2311 782 2372 Veronensi
806 2312 971 2372 inventum
993 2331 1062 2372 esse
1086 2310 1241 2372 affirmat:
1267 2311 1358 2388 „Nos

280 2427 439 2516 integrum
470 2437 568 2498 ferme
596 2436 730 2498 Plinium
753 2435 930 2510 habemus,
953 2438 1091 2518 primum
1115 2439 1201 2519 apud
1225 2439 1359 2500 Parisios

281 2573 443 2645 repertum
478 2584 575 2644 opera
609 2564 745 2644 Jucundi
779 2563 969 2638 sacerdotiS,
1006 2563 1143 2625 hominis
1173 2566 1357 2645 antiquarii,

280 2690 509 2770 architectique
532 2688 741 2770 famigerati.”
754 2687 780 2774 ³⁵)

326 2817 409 2879 Cum
433 2818 529 2897 igitur
552 2817 658 2878 Aldus
682 2827 714 2878 et
737 2816 888 2878 Budaeus
910 2817 1025 2878 librum
1049 2839 1068 2879 a
1092 2818 1239 2898 Jucundo
1256 2818 1359 2880 Vero-

282 2945 371 3004 nensi
387 2944 467 3005 alter
479 2945 655 3018 inventum,
670 2945 749 3005 alter
760 2944 956 3024 descriptum
966 2964 1035 3004 esse
1044 2953 1188 3019 testetur,
1199 2916 1360 3024 quantuni

282 3069 342 3132 hac
365 3071 395 3131 in
419 3090 516 3131 causa
539 3070 569 3130 in
593 3070 729 3149 Jucundi
753 3069 817 3131 fide
840 3071 981 3152 positum
1005 3072 1061 3145 sit,
1085 3071 1156 3152 quis
1181 3091 1243 3131 non
1269 3071 1359 3132 intel-

284 3197 380 3276 legit?

326 3322 402 3383 Fuit
433 3331 542 3382 autem
567 3321 731 3401 Jucundus
759 3323 807 3383 vir
831 3343 894 3383 non
918 3323 1021 3385 solum
1046 3326 1162 3386 summi
1187 3325 1303 3404 ingenii
1327 3333 1359 3385 et

282 3449 463 3530 praeclarae
487 3449 687 3525 eruditioniS,
708 3450 780 3525 sed,
799 3451 888 3531 quod
911 3449 972 3512 hoc
984 3451 1055 3513 loco
1068 3452 1239 3533 plurimum
1253 3451 1355 3522 refert,

283 3585 448 3657 spectatae
471 3575 545 3637 fidei
568 3584 600 3637 et
624 3576 802 3657 probitatis.
818 3575 843 3661 ⁴)

327 3700 477 3762 Budaeus
508 3721 582 3762 eum
613 3712 709 3764 vocat
740 3703 925 3780 „hominem
957 3706 1172 3785 antiquarium
1204 3714 1237 3766 et
1259 3704 1360 3767 archi-

283 3835 405 3888 tectum
430 3826 685 3908 lamigeratum'',
711 3829 836 3890 Aldus:
858 3830 984 3907 „virum
1008 3830 1159 3909 singulari
1179 3831 1306 3909 ingenio
1328 3840 1359 3890 et

320 4037 337 4097 ¹)
358 4039 397 4085 De
414 4038 483 4085 hisce
500 4037 564 4104 infra
581 4039 706 4100 agendum
724 4039 771 4086 erit
792 4039 869 4086 nobis.

317 4117 337 4171 ’t
355 4117 391 4165 cfr
416 4117 474 4165 Keil
493 4118 510 4164 ll
538 4134 572 4180 pp
597 4118 672 4164 XXII
691 4134 736 4180 sqq

319 4195 339 4258 3)
358 4198 486 4245 Budaeus:
512 4197 716 4255 „Adnotationes
742 4197 766 4243 in
793 4196 929 4244 Pandect”
955 4198 1003 4247 Ed.
1035 4199 1096 4261 ¹508
1121 4202 1167 4262 sol,
1195 4215 1226 4264 33
1254 4203 1285 4261 {si
1310 4218 1360 4264 qua

284 4275 435 4323 Schaedelio
452 4275 539 4331 lidesb
557 4275 588 4322 ed
617 4275 688 4338 1516.
705 4274 747 4325 fol.
766 4289 796 4338 32

318 4353 338 4418 ⁴)
356 4357 397 4403 De
412 4355 452 4402 his
468 4355 585 4404 omnibus
602 4356 660 4402 vide
677 4356 765 4404 Variot
781 4356 807 4406 ll.
825 4374 849 4419 p.
870 4369 915 4404 112
