3114 5130
238 1094 368 1168 Confecto
389 1097 458 1169 jam
488 1095 648 1152 studiorum
679 1095 824 1150 curriculo
855 1093 974 1149 siimmis
1000 1093 1088 1164 uiris,
1109 1093 1228 1166 arcibus,
1249 1092 1276 1146 si

197 1215 270 1288 quiri
298 1215 328 1269 in
349 1214 479 1287 antiquis
499 1213 605 1269 litteri's
625 1219 680 1269 aut
699 1213 779 1269 valeo
799 1218 854 1268 aut
873 1212 985 1283 valebo,
1005 1217 1146 1284 acceptum
1167 1209 1274 1282 refero,

198 1332 396 1388 meritissimas
424 1332 544 1402 gratias
565 1331 671 1403 palam
694 1331 860 1403 persoluere
887 1331 985 1400 liceat,
1018 1347 1052 1385 ne
1079 1329 1139 1385 illis
1166 1329 1275 1386 debitae

114 1480 117 1486 ·
196 1448 393 1505 observantiae
419 1449 628 1522 testimonium,
657 1448 732 1503 milii
753 1447 841 1519 grati
858 1449 953 1504 animi
972 1465 1070 1504 sensus
1089 1446 1213 1520 clefiiisse
1232 1447 1275 1503 ui·

196 1566 310 1623 dentur.

246 1684 312 1741 Tibi
339 1685 467 1757 qiii'itin,
498 1685 546 1741 nir
576 1685 735 1742 clarissime
768 1686 961 1757 Cornelissen,
993 1692 1135 1758 quantum
1162 1685 1274 1741 cleliam

191 1804 297 1875 paucis
324 1821 470 1859 enarrare
497 1821 553 1859 non
566 1812 683 1876 possum
691 1805 775 1871 ,·'serl
793 1822 882 1876 neque
901 1811 970 1875 opus
989 1808 1048 1858 est:
1069 1809 1179 1859 norunt
1198 1803 1273 1858 euim

200 1939 309 1993 omnes,
341 1929 477 1995 quotquot
503 1923 541 1979 Te
561 1923 743 1994 Magistrum
765 1923 889 1993 coluere,
911 1928 1024 1995 quanta
1046 1921 1230 1978 licinauitate
1249 1926 1278 1976 et

200 2040 392 2098 beniuolentia
423 2040 570 2097 oiili'tores
607 2041 681 2097 Tuos
707 2040 850 2112 complecti
873 2041 981 2107 solens,·
1001 2058 1088 2113 qnam
1109 2046 1138 2095 et
1157 2057 1206 2110 ego
1219 2047 1277 2112 per

201 2156 426 2231 aicadriennium
448 2159 491 2215 ita
510 2164 645 2231 expertus
664 2176 744 2229 siim,
762 2165 797 2215 ut
818 2159 856 2215 Te
873 2176 928 2214 non
938 2159 1149 2231 peritissimum
1161 2164 1276 2214 tantum

201 2276 362 2332 studiorum
383 2276 496 2350 iliicem,
518 2294 618 2332 nerum
640 2282 669 2332 et
684 2276 915 2348 benignissimum
932 2275 1080 2345 fautorem
1091 2277 1277 2347 cogitauerim.

180 2377 184 2387 ⁸
242 2394 341 2450 Pares
368 2394 433 2451 Tilii
448 2394 568 2464 gratias
589 2401 617 2451 et
635 2395 722 2451 liabeo
739 2400 768 2450 et
782 2413 850 2469 ago,
862 2395 1114 2452 uirilarissi'meo.
1125 2396 1277 2466 Leeiiuieu,

200 2512 283 2567 cuius
302 2510 432 2567 cloctrino
451 2517 481 2566 et
499 2511 690 2568 [somnolentia
712 2531 756 2568 me
775 2512 860 2569 laiirl
869 2521 982 2585 parum
1003 2531 1061 2569 esse
1076 2513 1232 2584 obligatum
1250 2519 1279 2569 et

193 2630 284 2701 probe
303 2630 356 2685 seio
378 2647 467 2702 neque
483 2627 574 2701 facile
592 2629 752 2686 obliviscar.

243 2749 345 2820 Neque
376 2765 425 2817 ego
456 2747 506 2803 lioc
536 2747 591 2803 loco
627 2748 665 2804 Ti
688 2747 909 2819 praeterierim,
931 2747 980 2803 uir
999 2747 1158 2804 clarissime
1178 2747 1279 2822 ἰααα,

203 2884 284 2939 oriem
305 2865 531 2921 eriiditissimum
550 2864 625 2920 urilii
638 2853 765 2921 extitisse
774 2865 957 2936 Magistrum
965 2872 1058 2935 grata
1069 2871 1178 2937 semper
1189 2869 1281 2920 merite

204 2984 381 3041 recordabor.

246 3104 342 3177 „Quis
372 3110 414 3160 est
444 3110 573 3160 nostrum
606 3104 767 3161 liberaliter
786 3104 935 3177 iniciatus,
957 3104 1005 3159 cui
1024 3121 1079 3159 uon
1101 3103 1280 3174 educatores,

204 3223 253 3278 eui
282 3240 338 3278 non
370 3222 509 3292 magistri
535 3222 584 3277 sui
609 3226 695 3295 atque
714 3222 852 3292 electores,
873 3223 921 3277 cui
940 3239 995 3278 non
1018 3221 1093 3277 loeus
1113 3221 1163 3277 illc
1184 3227 1281 3277 mutus

203 3339 263 3410 ipsi
291 3340 341 3396 nbi
359 3339 455 3396 clectus
475 3346 518 3395 est
536 3358 599 3396 eum
616 3347 709 3410 grata
730 3340 924 3396 recordatione
945 3339 976 3395 iii
999 3346 1090 3395 mente
1110 3337 1279 3395 uerseturl''

247 3554 407 3613 Scribebnm
429 3555 460 3610 in
484 3554 640 3628 Gymnasi'o
664 3555 826 3612 Catui'ceusi
844 3572 936 3610 mense
957 3554 1031 3627 Sept.
1058 3552 1142 3630 1889.
