3114 5130
763 487 807 567 96

241 671 297 731 viri
321 671 407 732 docti
431 680 463 732 et
488 671 616 750 Trajani
640 672 827 752 rescriptum
852 672 995 751 spurium
1017 691 1087 731 esse
1099 670 1322 733 demonstrare

242 798 347 858 conati
380 807 470 872 sunt,
505 808 539 858 ut
570 796 655 858 hisce
679 798 810 858 demum
835 797 989 858 absolutis
1012 807 1045 858 et
1068 797 1109 858 de
1133 798 1321 859 Tertulliani

241 926 271 985 in
295 923 356 985 hac
379 944 475 984 causa
501 925 692 985 auctoritate
715 924 824 1005 paucis
847 924 1048 1005 disputemus
1072 934 1171 1004 atque
1195 925 1239 985 ita
1253 926 1320 985 uni-

242 1070 332 1110 versa
356 1050 535 1129 quaestioni
559 1048 656 1110 finem
679 1050 893 1129 imponamus

287 1176 352 1250 At,
378 1177 466 1256 quod
491 1176 604 1236 mirum
626 1175 723 1235 videri
744 1177 859 1256 possit,
873 1175 1001 1254 Trajani
1013 1195 1204 1256 responsum
1217 1175 1320 1236 multo

240 1303 406 1381 pauciores
442 1302 640 1362 adversarios
673 1300 786 1363 habuit
809 1321 907 1382 quam
930 1302 1019 1363 Plinii
1042 1303 1189 1383 epistula.
1215 1304 1321 1364 lmmo

240 1449 282 1489 ex
306 1430 341 1488 iis
365 1429 440 1508 ipsis
463 1429 517 1508 qui
541 1427 623 1489 hane
645 1428 1164 1508 acerimmeimpugnaruut,illud
1177 1430 1321 1511 plerique

241 1565 298 1617 aut
322 1565 432 1635 aperte
455 1574 645 1634 germanum
669 1573 739 1615 esse
763 1554 894 1634 professi
918 1565 1008 1629 sunt,
1023 1565 1079 1617 aut
1091 1556 1216 1618 silentio
1229 1577 1320 1638 prae-

241 1683 402 1744 terierunt.
432 1682 526 1744 Unus
550 1680 634 1741 Held
658 1689 830 1760 utramque
853 1680 1024 1760 epistulam
1047 1683 1237 1744 nominatim
1261 1685 1320 1744 im-

240 1810 398 1890 pugnavit
432 1843 471 1854 -·
501 1826 584 1887 quae
608 1826 685 1867 vero
709 1806 849 1894 protulit·
864 1817 1056 1886 argumenta
1080 1811 1161 1870 tanti
1186 1830 1250 1871 non
1273 1813 1320 1872 vi-

239 1936 356 1996 dentur
391 1953 477 2014 quao
511 1933 588 1994 data
623 1952 720 2012 opera
752 1932 932 1994 refellantur
966 1971 1003 1978 ——
1037 1934 1124 1996 solus
1147 1937 1319 2018 Ussingius

242 2082 340 2123 unum
377 2059 505 2139 Trajani
541 2078 729 2140 responsum
765 2060 893 2138 negavit
924 2080 1113 2139 germanum
1146 2083 1225 2124 esse.
1259 2066 1319 2128 Cui

240 2189 347 2269 aliquo
372 2187 469 2247 modo
492 2186 614 2246 accedit
638 2185 687 2245 De
711 2185 740 2244 la
764 2185 882 2264 Berge,
907 2188 962 2266 qui
982 2187 1318 2269 haesitansquaedam

241 2319 271 2377 in
304 2315 437 2376 dubium
470 2313 614 2383 vocavit,
639 2313 715 2372 certi
740 2322 846 2373 tamen
872 2313 1048 2394 quidquam
1071 2315 1230 2378 affirmare
1253 2339 1319 2379 non

239 2463 336 2504 ausus
360 2451 418 2505 est.
440 2441 467 2520 ¹)

284 2573 392 2652 Quare
423 2569 453 2629 iu
486 2567 546 2627 hac
576 2586 673 2627 causa
706 2566 893 2644 Ussingium
917 2587 994 2647 prae
1017 2569 1144 2650 reliquis
1168 2559 1320 2633 adversa-

239 2700 319 2759 rium
347 2695 554 2767 habebimus,
580 2693 670 2753 cuius
696 2702 886 2779 argumenta
911 2694 1077 2774 diligenter
1101 2699 1320 2760 examinanda

240 2834 342 2886 erunt.

284 2952 369 3033 Quid
394 2969 470 3028 ergo
494 2946 684 3025 Ussingius?

286 3079 413 3138 l‘raeter
448 3074 578 3134 minoris
611 3071 765 3131 momenti
797 3071 974 3149 quaedam,
1005 3084 1040 3135 ut
1064 3083 1193 3151 „actum
1216 3097 1317 3157 quem

238 3204 464 3267 debuisti...
499 3208 628 3259 secutus
660 3196 714 3257 es''
747 3197 873 3276 aliaque
905 3197 935 3257 id
960 3218 1078 3278 genus,
1103 3221 1188 3281 quae
1212 3202 1316 3264 brevi-

239 3333 314 3394 tatis
342 3329 444 3409 gratia
470 3326 596 3397 omitto,
621 3344 658 3384 ea
683 3343 767 3403 quae
790 3324 875 3403 apud
898 3324 976 3384 alios
1000 3327 1170 3407 scriptores
1192 3329 1234 3389 de
1257 3329 1319 3392 hac

239 3457 366 3536 Trajani
399 3452 534 3535 epistula
570 3451 720 3530 leguntur
754 3450 922 3530 expendit:
959 3451 1191 3516 Tertullianum
1226 3456 1318 3532 dico,

237 3583 433 3654 Eusebium,
456 3578 607 3641 Orosium
630 3576 879 3657 (Hieronymum
901 3596 963 3637 uon
979 3578 1149 3654 nominat).
1163 3581 1320 3645 Orosium

237 3721 346 3772 autem
381 3704 625 3783 Eusebiumque
649 3703 833 3763 Tertulliani
857 3706 1047 3767 auctoritate
1069 3710 1202 3769 omuino
1226 3710 1320 3772 inniti

237 3836 395 3913 affirmat,
420 3833 464 3893 ita
489 3840 524 3891 ut
547 3849 621 3890 cum
646 3828 706 3889 hoc
731 3849 794 3888 uno
818 3850 867 3889 res
891 3830 950 3890 sibi
973 3831 1023 3892 sit,
1037 3831 1063 3914 θ)

281 3963 397 4043 Neque
428 3968 537 4020 tamen
569 3992 612 4000 —
642 3964 677 4016 ut
707 3956 867 4016 Puteanus
890 3966 922 4016 et
946 3956 1083 4017 Aubeus
1106 3958 1250 4021 fecerunt
1273 3997 1318 4006 —

273 4303 291 4365 ¹)
311 4305 350 4351 lle
366 4302 392 4349 la
410 4301 489 4360 Berge
506 4299 532 4349 ll¹
551 4314 591 4361 pp.
611 4295 659 4344 208
678 4312 731 4359 ¹sqq.

272 4381 292 4443 ¹)
310 4380 403 4441 Ussing
420 4379 447 4429 ll.
466 4395 489 4441 p
509 4387 549 4439 25.
