3114 5130
720 460 772 557 '39

245 664 385 724 Primum
406 664 547 743 Ussingii
567 674 794 744 argumentum
816 685 857 725 ex
878 665 1102 745 rescriptorum
1125 664 1281 744 exemplis
1364 667 1367 674 '

202 792 330 871 petitur.
354 791 523 871 Responsa
549 792 633 850 eninr
657 791 701 852 ait
726 811 796 852 esse
820 791 956 852 obscura
981 791 1159 871 stultaque,
1185 812 1282 871 saepe

202 916 276 977 nihil
306 916 363 977 illis
394 917 548 997 proficere
577 917 728 993 Plinium,
753 919 829 998 quin
854 901 1063 978 etiamPlinii
1087 917 1239 998 epistulas
1263 939 1282 979 a

202 1044 340 1123 Trajano
369 1045 425 1104 vix
458 1044 556 1104 videri
580 1044 756 1106 intellectas
775 1041 812 1128 ¹).
839 1045 933 1106 Hanc
957 1046 1149 1107 sententiam
1174 1043 1282 1106 multis

201 1172 357 1252 exemplis
380 1171 482 1232 allatis
505 1172 640 1252 probare
659 1182 802 1234 conatur.
823 1171 916 1253 Quae
927 1173 1080 1252 quoniam
1093 1171 1184 1252 plura
1196 1181 1281 1243 sunt,

201 1319 299 1381 quam
329 1289 413 1379 quae
443 1298 568 1378 singula
598 1300 782 1359 examinare
814 1299 992 1378 possimus,
1028 1318 1126 1358 unum
1154 1307 1303 1381 tantum,

201 1427 378 1488 alterumve
406 1446 568 1506 exponere
596 1426 704 1500 liceat,
737 1446 803 1506 quo
834 1424 953 1486 facilius
984 1444 1114 1485 omnem
1138 1425 1281 1503 Ussingii

202 1554 355 1614 rationem
379 1552 616 1632 perspiciamus.
642 1552 677 1611 ln
701 1549 787 1611 hisce
810 1551 894 1610 eninr
916 1549 979 1610 fere
998 1549 1083 1610 valet
1102 1548 1195 1609 illud:
1218 1549 1282 1626 „ab
1361 1547 1364 1553 ’

204 1699 267 1739 uno
290 1679 375 1740 disce
398 1676 542 1738 omnes.'’

247 1805 382 1866 Nuntiat
405 1803 544 1884 Trajano
568 1803 685 1864 Plinius
708 1805 789 1865 inter
812 1804 926 1864 milites
947 1802 1063 1879 lectOS,
1078 1823 1187 1864 servos
1199 1803 1281 1864 duos

203 1954 272 1994 esse
296 1934 443 1993 inventos
463 1940 495 1992 et
516 1951 534 1990 a
546 1929 736 2011 Sempronio
749 1929 900 1992 Caeliano
913 1930 954 1990 ad
966 1950 1000 1990 se
1015 1932 1145 1990 missos:
1159 1931 1285 2010 quaerit

202 2082 244 2121 ex
267 2061 464 2139 Imperatore
487 2058 564 2138 quid
587 2056 635 2117 his
659 2078 693 2117 se
716 2058 817 2118 facere
840 2057 932 2133 velit3
959 2057 1101 2117 nondum
1122 2058 1206 2118 enim
1227 2078 1283 2117 eos

203 2187 233 2246 in
258 2205 408 2245 numeros
428 2205 496 2245 esse
517 2183 721 2260 distributos,
741 2204 940 2264 quamquam
961 2194 1197 2245 sacramentum
1214 2183 1281 2264 jam

201 2312 339 2373 dixerint
352 2307 388 2395 υ2).

248 2439 303 2500 Ad
330 2437 410 2499 haec
433 2439 477 2499 ita
501 2437 674 2517 respondet
699 2436 873 2516 Trajanus:
898 2435 1106 2513 „Secundum
1131 2438 1283 2498 mandata

204 2584 275 2626 mea
305 2564 378 2625 lecit
411 2562 619 2644 Sempronius
650 2563 818 2626 Caelianus
843 2564 1000 2626 mittendo
1023 2564 1064 2625 ad
1089 2574 1120 2625 te
1144 2585 1216 2640 eos,
1242 2564 1283 2625 de

202 2692 319 2772 quibus
341 2692 492 2771 cognosci
516 2691 677 2771 oportebit
700 2676 740 2751 an
765 2690 901 2770 capitale
921 2690 1111 2771 supplicium
1131 2692 1284 2752 meruisse

204 2819 378 2879 videantur.
414 2816 523 2878 Refert
547 2829 655 2879 autem
680 2817 849 2879 voluntarii
873 2839 907 2878 se
930 2818 1120 2894 obtulerint,
1145 2839 1186 2879 an
1210 2817 1283 2880 lecti

204 2946 280 3020 sint,
306 2944 354 3004 vel
368 2945 465 3007 etiam
477 2945 583 3009 vicarii
598 2944 672 3005 dati.
689 2942 749 3024 (Si)
763 2943 834 3005 lecti
847 2947 939 3018 sunt‚'
949 2944 1110 3023 inquisitio
1123 2944 1283 3023 peccavit;

204 3072 229 3131 si
258 3072 363 3132 vicarii
393 3071 476 3146 dati,
502 3091 600 3150 penes
623 3091 678 3131 eos
702 3071 795 3150 culpa
819 3067 944 3149 estqui
968 3070 1141 3130 dederunt:
1166 3071 1191 3130 si
1215 3071 1284 3150 ipsi,

203 3217 277 3259 cum
312 3184 467 3257 habereut
499 3197 693 3257 condicionis
725 3217 802 3256 suae
833 3197 1077 3271 conscientiam,
1110 3206 1283 3262 venerunt,

204 3324 522 3386 animadvertendum
556 3324 586 3382 in
608 3322 686 3382 'illos
717 3323 783 3383 erit.
817 3322 931 3402 Neque
963 3323 1046 3382 enim
1078 3322 1215 3383 multum
1240 3324 1285 3382 in-

205 3460 302 3511 terest
325 3450 412 3531 quod
438 3450 580 3510 nondum
602 3470 658 3530 per
678 3469 829 3509 numeros
849 3448 1008 3510 distributi
1028 3459 1112 3510 sunt.
1133 3449 1187 3510 Ille
1199 3451 1284 3510 enim

152 3570 156 3577 ¹
204 3578 271 3639 dies
298 3588 367 3658 quo
398 3577 536 3657 primurn
570 3575 696 3656 probati
727 3585 802 3636 sunt
833 3576 1000 3637 veritatem
1033 3574 1074 3635 ab
1099 3576 1134 3635 iis
1156 3576 1285 3655 originis

204 3725 280 3766 suae
303 3701 444 3784 exegit''
459 3699 495 3786 3).

249 3830 335 3913 Quid
370 3832 400 3891 in
436 3829 497 3890 hoc
532 3849 686 3909 responso
718 3829 861 3908 legentes
891 3838 981 3888 tanto
1005 3848 1102 3908 opere
1126 3827 1284 3904 offendat,

146 4015 149 4022 .
205 3947 368 4038 equidem,
397 3956 514 4030 fateor,
537 3976 599 4015 non
621 3954 780 4034 intellege.
804 3954 918 4034 Neque
939 3955 1042 4034 magis
1061 3955 1146 4015 idem
1164 3954 1284 4016 intelle-

241 4281 257 4344 Ῑ)
276 4283 368 4344 Ussing
385 4283 410 4330 ll.
430 4299 470 4345 pp.
494 4294 521 4329 21
542 4298 609 4345 seqq.

240 4359 260 4426 ²)
280 4363 301 4409 T
328 4375 360 4422 29
689 4358 706 4419 ³)
726 4360 748 4406 T
775 4371 813 4421 30.
