3114 5130
762 449 805 531 64

241 649 362 714 utram,
407 641 548 720 spuriam
591 661 660 701 esse
694 649 726 702 et
761 641 803 702 ab
838 642 937 723 impio
973 641 1098 702 falsario
1133 638 1314 704 confictam.

241 767 334 847 Quae
374 767 505 847 quidem
547 769 694 848 quaestio
728 769 880 848 quoniam
916 767 1001 830 haud
1036 770 1125 850 parvi
1161 770 1316 830 momenti

240 893 381 966 videtur,
406 894 545 975 primum
571 905 740 975 utramque
763 894 933 975 epistulam
958 895 1115 974 integram
1135 892 1221 955 hisce
1241 894 1316 954 sub·
1407 983 1408 986 Ἴ

235 1017 360 1100 jiciam‚
397 1019 512 1080 deinde
546 1029 716 1101 utramque
746 1021 976 1101 percurrend0,
1008 1041 1092 1101 quae
1115 1041 1133 1082 a
1158 1020 1315 1081 nonnullis
1374 989 1379 1000 ’Δ

239 1146 341 1207 doctis
376 1147 448 1207 viris
483 1147 635 1207 adversus
667 1148 751 1228 ipsas
783 1148 908 1228 prolata
937 1157 1011 1209 sunt
1043 1147 1238 1208 examinabo
1265 1157 1314 1222 et,

239 1284 397 1353 quantum
411 1283 552 1354 potero,
578 1274 726 1337 refellam.

284 1401 374 1462 Haec
408 1412 516 1463 tamen
547 1401 680 1482 praefari
712 1401 788 1463 mihi
819 1402 920 1465 liceat.
956 1402 1038 1464 Cum
1067 1371 1222 1483 epistulae
1246 1401 1315 1462 illae

239 1527 387 1606 legantur
410 1528 439 1587 in
464 1527 544 1587 libro
569 1529 657 1588 cuius
680 1529 842 1590 sinceritas
868 1549 930 1589 non
955 1521 1082 1590 tantum
1104 1528 1146 1589 ab
1166 1529 1315 1590 omnibus

239 1675 341 1735 paene
374 1655 447 1715 viris
482 1656 584 1716 doctis
613 1651 822 1730 admittatur,
856 1657 912 1716 sed
943 1656 1057 1730 etiam,
1091 1655 1179 1735 quod
1213 1654 1315 1716 multo

239 1781 383 1859 gravius,
409 1779 595 1841 firmissimis
619 1775 816 1861 argumentis
840 1782 956 1844 invicte
968 1782 1215 1863 demonstretur,
1228 1781 1314 1843 haud

239 1907 362 1968 levibus
386 1907 528 1987 proiecto
552 1907 728 1969 rationibus
754 1928 835 1987 opus
857 1917 921 1983 est,
943 1900 970 1968 si
980 1908 1051 1988 quis
1063 1928 1118 1969 eos
1131 1909 1315 1989 suppositas

240 2031 380 2113 fictaque
403 2053 472 2094 esse
495 2033 714 2095 demonstrare
737 2033 889 2095 voluerit:
911 2032 938 2117 ¹)

289 2174 357 2220 111111.
384 2159 512 2222 Etenim
533 2161 640 2220 omnia
652 2180 736 2240 quae
750 2161 885 2222 universi
899 2160 967 2221 libri
981 2156 1152 2223 αῦθεντίαν
1165 2161 1313 2242 probant,

239 2296 270 2348 et
294 2286 354 2348 hac
378 2289 566 2371 quaestione
590 2288 802 2349 continentur.

284 2414 326 2475 2¹¹.
355 2413 447 2501 Cum¹
458 2433 557 2501 porro
582 2415 631 2475 vel
654 2414 841 2475 adversariis
865 2415 981 2476 nostris
1006 2414 1179 2477 fatentibus
1192 2414 1314 2476 litterae
1395 2497 1396 2500 Ἴ

238 2540 308 2601 illae
341 2541 497 2602 scribendi
530 2541 652 2603 ratione
683 2562 756 2602 cum
788 2541 915 2622 reliquis
946 2550 978 2603 et
1004 2541 1091 2602 Plinii
1127 2551 1159 2603 et
1183 2541 1312 2621 Trajani

238 2668 380 2749 epistulis
413 2669 535 2748 optime
559 2670 769 2730 conveniant:
793 2668 844 2745 „le
867 2668 956 2748 style
974 2669 1014 2730 de
1038 2676 1123 2730 cette
1146 2668 1238 2731 lettre
1263 2667 1314 2729 n'a

239 2795 322 2855 nulle
346 2797 447 2876 partie
471 2797 672 2871 dissonante,
697 2795 717 2856 il
741 2805 789 2857 est
813 2796 855 2856 du
880 2795 1022 2856 meilleur
1045 2793 1163 2858 Pline.'’
1178 2797 1203 2876 Μ3)

285 2928 327 2999 3⁰.
353 2922 435 2983 Cum
458 2921 518 2983 hac
543 2923 630 3002 ipsae
642 2921 798 3001 epistulae
811 2942 887 3002 prae
900 2922 1028 3002 reliquis
1041 2922 1191 2983 omnibus
1203 2930 1314 3003 aperte

238 3059 270 3110 et
306 3050 493 3109 nominatim
532 3069 550 3108 a
584 3047 798 3122 TertullianO,
833 3056 865 3109 et
895 3048 949 3127 qui
981 3048 1086 3128 ipsum
1118 3056 1312 3127 sequuntur:

238 3175 380 3237 Eusebio
411 3174 611 3254 Hieronymo
635 3174 767 3254 aliisque
791 3154 1100 3248 commemorentur,
1126 3194 1163 3234 ac
1183 3174 1313 3235 tandem

281 3298 326 3378 4⁰.
352 3301 433 3391 Cum
458 3301 515 3381 ipsi
536 3299 576 3360 illi
601 3301 657 3360 viri
681 3300 766 3362 docti
792 3321 930 3381 quorum
955 3309 1145 3380 argumenta
1165 3300 1232 3380 jam
1257 3321 1313 3360 ex-

237 3428 377 3508 pendam
409 3429 490 3489 inter
513 3447 546 3488 se
570 3426 656 3488 haud
681 3447 794 3507 parum
819 3427 1017 3489 dissentiant.
1044 3427 1139 3490 Unde
1163 3427 1313 3506 colligen-

236 3555 314 3616 dum
339 3555 465 3617 uidetur
489 3555 596 3638 omnia
621 3553 670 3614 illa
696 3574 779 3634 quae
803 3553 1004 3634 protulerunt
1016 3573 1114 3633 quam
1128 3553 1312 3614 cautissime

237 3702 306 3743 esse
329 3681 562 3753 examinanda,
590 3700 645 3751 ne,
670 3680 809 3760 antiquis
833 3679 1041 3760 scriptoribus
1066 3680 1197 3740 nimium
1220 3677 1313 3739 diffisi

236 3831 254 3870 a
289 3807 517 3869 recentioribus
553 3808 583 3866 in
619 3825 757 3867 errorem
794 3806 991 3868 inducamur.
1029 3805 1213 3887 Sequantur
1244 3805 1312 3884 jam

236 3935 391 4017 epistulae
416 3953 511 4013 saepe
536 3932 701 3994 laudatae:

242 4142 433 4151 ——-—-

273 4275 291 4336 ¹,
310 4274 353 4323 cir.
371 4272 402 4325 G.
419 4273 527 4320 Boissier
545 4273 571 4318 in
587 4272 691 4332 „Revue
709 4271 902 4332 archeologique
917 4269 989 4319 Tom.
1006 4280 1035 4331 31
1047 4286 1089 4333 pp.
1101 4266 1313 4331 1165eq.(1876.

273 4359 295 4418 ⁹)
314 4355 388 4402 Λυδὲ
405 4353 431 4403 ll.
449 4370 473 4417 p.
493 4350 541 4399 218
559 4350 601 4401 cir.
619 4358 643 4398 et
661 4350 769 4398 Boissier
785 4349 811 4399 ll.
829 4366 853 4412 p.
875 4361 928 4411 123.
