3114 5130
763 483 821 540 118

250 684 421 742 negemus:
456 684 573 741 „nemo
604 665 703 743 gratis
727 664 889 725 mendax'’
921 701 955 709 -
981 674 1068 726 certo
1091 665 1207 726 certius
1232 685 1269 725 ea
1293 665 1322 724 in

249 790 420 851 editionem
456 811 546 852 suam
579 792 765 871 recepisset.
798 811 872 851 cum
896 791 1046 852 lectiones
1073 791 1133 852 hae
1156 791 1223 851 aliis
1247 811 1323 851 sane

248 938 311 977 non
341 926 448 978 essent
478 918 665 989 deteriores,
692 938 756 979 uno
783 938 859 978 vero
888 918 975 992 loco,
1000 919 1029 979 T
1053 918 1160 988 8613,
1186 919 1321 997 Jucundi

247 1055 279 1106 et
303 1044 455 1106 Catanaei
479 1044 572 1105 lectio
596 1046 870 1124 corruptissimum
896 1045 1001 1106 iocum
1025 1046 1153 1123 egregie
1177 1054 1320 1105 sanasset

247 1160 285 1239 (si
310 1179 384 1219 vera
406 1159 546 1238 suisseti)

293 1287 439 1348 Accedit
451 1287 538 1366 quod
560 1287 726 1347 verisimile
745 1285 794 1348 est
806 1297 838 1348 et
850 1288 933 1348 Petri
946 1288 1084 1348 Leandri
1097 1285 1321 1368 apographum

246 1424 277 1476 et
313 1415 533 1475 Avantianam
565 1390 736 1475 editionem
768 1415 903 1474 eandem
936 1425 1011 1477 tnnc
1036 1415 1204 1476 lectionem
1228 1415 1321 1474 fuisse

245 1541 436 1621 praebitura.
463 1541 577 1621 Neque
605 1542 729 1620 etipse
761 1540 942 1602 Catanaeus
966 1541 995 1600 in
1020 1539 1118 1601 altera
1142 1561 1199 1600 sua
1223 1538 1319 1623 (siue,

245 1669 269 1727 si
304 1668 477 1730 editionem
513 1669 653 1728 eiusdem
689 1668 833 1730 Venetiis
872 1681 955 1744 1510
990 1688 1029 1727 ne
1060 1667 1159 1727 uerbo
1190 1667 1320 1746 quidem

247 1804 372 1856 mutato
397 1796 583 1874 impressam
609 1795 842 1863 numeraveris,
868 1794 973 1863 tertia)
999 1796 1137 1855 editione
1160 1773 1320 1878 (1318)et

245 1921 275 1979 in
300 1922 392 1986 tertia
420 1919 549 2003 (Vener.
580 1917 692 2002 1519),
714 1921 881 1981 lectionem
896 1941 986 1981 suam
1001 1922 1138 2001 priorem
1153 1921 1319 2000 rejecisset,

246 2047 450 2127 praesertim,
483 2066 556 2106 curn
588 2048 617 2106 in
650 2047 747 2107 Praei.
781 2047 840 2109 Ed.
875 2049 956 2124 1518
989 2059 1125 2110 testetur
1148 2070 1182 2110 se
1205 2050 1321 2110 vidisse

246 2173 469 2254 apographum
494 2175 700 2234 vetustissimi
724 2175 840 2236 codicis
864 2175 1106 2252 „Gernranici,''
1135 2196 1231 2255 quem
1257 2197 1318 2236 non

159 2327 160 2331 ¹
244 2320 314 2360 esse
336 2300 433 2361 alium
457 2322 554 2380 quam
580 2302 721 2362 codicem
745 2303 919 2362 Parisinum
945 2304 1129 2381 ajucnndo
1154 2305 1319 2364 inuentum

244 2428 417 2489 rectissime
441 2430 553 2489 statuit
578 2428 710 2489 Keilius.
728 2428 749 2499 't

289 2553 352 2615 Sed
377 2575 481 2634 neque
504 2555 616 2615 eadem
637 2556 772 2634 Jucundi
793 2556 982 2634 conjecturis
1003 2556 1109 2617 deberi
1122 2557 1317 2618 crediderim.

244 2681 358 2761 Neque
378 2683 460 2741 enim
482 2681 606 2742 admitti
619 2691 726 2762 potest
740 2682 921 2761 Jucundum
936 2684 1074 2753 Parisiis,
1089 2685 1202 2744 eodem
1217 2706 1319 2766 paene

243 2816 407 2886 tempore,
440 2817 579 2886 quatuor
606 2807 681 2868 iocis
705 2809 877 2889 corruptis,
903 2810 1031 2870 easdem
1056 2813 1187 2871 ornnino
1211 2832 1318 2873 emen-

242 2934 388 2995 dationes
416 2936 635 3011 excogitasse,
668 2956 767 3014 quae,
799 2936 841 2994 ab
865 2935 931 2995 aliis
955 2936 1104 2996 omnibus
1127 2938 1317 2998 editionibus

241 3081 325 3140 quae
349 3069 417 3121 turn
442 3060 638 3131 serebantur,
666 3062 824 3129 diversae,
850 3062 879 3120 iu
905 3061 1056 3123 Catanaei
1069 3063 1208 3124 editione
1220 3064 1316 3145 paulo

242 3197 317 3248 ante
351 3188 504 3268 impressa
540 3188 745 3266 legebantur:
789 3208 862 3248 cum
898 3191 1083 3268 praesertim
1120 3200 1187 3250 tarn
1222 3191 1317 3252 facilis

241 3313 372 3375 huiusce
407 3316 450 3375 rei
482 3316 648 3396 explicatis
678 3315 727 3375 vel
754 3315 836 3376 ultro
859 3336 893 3375 se
915 3315 1043 3389 offerat,
1069 3317 1093 3375 si
1117 3319 1314 3396 ¹iucundum,

241 3443 313 3521 qui,
346 3442 469 3502 Parisiis
493 3462 564 3502 cum
591 3443 733 3502 maxime
757 3441 922 3513 babitans,
948 3443 1073 3503 codices
1096 3445 1149 3523 qui
1174 3446 1203 3504 iu
1228 3445 1316 3507 Italia

241 3568 467 3640 servabantur,
500 3570 652 3649 inspicere
677 3590 738 3629 non
765 3578 890 3648 posset,
916 3570 955 3630 ad
980 3569 1212 3631 conficiendum
1238 3593 1315 3652 apo-

239 3694 409 3774 graphum,
435 3705 560 3775 praeter
579 3696 720 3755 codicem
734 3715 829 3774 quem
844 3695 1053 3767 describebat,
1068 3706 1100 3759 et
1112 3699 1255 3758 omnium
1269 3719 1315 3759 re·

239 3824 473 3893 centissimam,
509 3842 593 3900 quae
628 3832 696 3883 tum
732 3833 815 3892 erat,
848 3824 1018 3884 editionem
1051 3822 1249 3893 adhibuisse,
1283 3833 1315 3885 et

239 3958 378 4028 quatuor
402 3946 487 4007 hisce
510 3947 586 4008 locis
610 3947 762 4009 Catanaei
787 3949 938 4010 lectiones
961 3951 1126 4030 recepisse.
1140 3949 1165 4030 '·’J)

275 4121 291 4180 ¹)
310 4121 352 4170 etr.
374 4120 430 4167 lx'eil
449 4121 473 4170 ll.
493 4138 516 4184 p,
535 4121 628 4170 XXIV.

275 4186 295 4251 2)
314 4189 403 4251 Neque
431 4187 488 4235 huic
516 4188 675 4250 explicationi
703 4188 821 4250 temporis
848 4189 911 4234 ratio
934 4191 1025 4240 obstat.
1044 4191 1125 4237 Aldus
1143 4192 1209 4238 enim
1229 4207 1314 4238 mense

237 4256 302 4303 Nor.
325 4255 387 4317 1308
407 4262 512 4301 testatur
530 4270 555 4301 se
573 4254 623 4300 fere
642 4254 744 4301 biennio
763 4262 820 4301 ante
832 4257 1004 4318 apographum
1013 4257 1280 4321 Jueundioccepissei,
1292 4274 1312 4307 e.

243 4321 312 4384 1506.
339 4339 394 4369 cum
423 4322 572 4375 Coronaeus,
599 4329 623 4368 ut
651 4336 680 4367 ex
707 4321 889 4383 subscriptione
913 4323 937 4369 in
965 4322 1012 4369 sme
1030 4324 1085 4370 libri
1105 4333 1181 4385 potet,
1200 4325 1234 4371 It'
1254 4325 1312 4374 Kal.

237 4390 310 4438 Febr.
334 4388 396 4451 1506
415 4388 549 4434 editionem
568 4403 638 4434 suam
657 4387 785 4450 perfecerit
806 4388 847 4436 etr.
867 4389 925 4435 lx'eil
943 4390 968 4436 ll.
988 4407 1010 4451 p,
1030 4390 1099 4439 xxl.
