3114 5130
756 473 792 537 35

237 649 367 730 quidem
384 647 512 720 talem,
538 647 568 705 in
592 667 657 726 quo
682 666 744 706 non
769 647 867 726 ipsius
881 655 1017 725 ,tantum
1042 645 1147 718 Plinii,
1172 645 1227 704 sed
1251 645 1313 704 lm-

236 775 391 858 peratoris
412 794 543 854 quoque
563 773 718 854 epistulae
738 773 970 848 invenirentur,
992 773 1023 832 in
1036 772 1180 834 Caesaris
1193 773 1314 832 scriniis

216 875 323 960 'haud
346 900 442 960 dubie
465 899 633 961 servatae?

282 1024 379 1106 Quod
412 1045 485 1086 cum
522 1027 561 1086 sit
593 1045 650 1104 per
678 1045 712 1084 se
744 1045 857 1105 parum
881 1025 1046 1100 credibile,
1072 1024 1122 1085 vel
1147 1025 1314 1085 eominus

238 1149 303 1211 lieri
328 1152 450 1231 potuit,
471 1151 559 1232 quod
578 1171 641 1211 non
662 1149 850 1213 Tertulliani
870 1161 997 1212 tantum
1010 1160 1135 1225 aetate,
1149 1150 1204 1210 sed
1217 1150 1313 1210 etiam

236 1277 313 1363 satis
335 1276 396 1336 diu
420 1287 495 1338 ante
518 1313 561 1322 —
586 1286 621 1337 ut
644 1298 685 1337 ex
710 1247 875 1338 Frontone
898 1277 1029 1356 aliisque
1054 1276 1247 1356 intellegitur

155 1490 158 1494 Α
237 1403 408 1478 scribendi,
432 1377 620 1484 dicendique
644 1405 725 1485 ratio
749 1404 844 1484 plane
867 1413 992 1464 mutata
1017 1412 1081 1477 est,
1103 1404 1147 1463 ita
1166 1412 1201 1463 ut
1219 1402 1314 1481 longe

236 1532 369 1592 denon
396 1510 542 1592 Tulliana
566 1532 617 1592 illa
641 1533 788 1612 quidem,
814 1533 891 1593 satis
916 1541 1023 1592 tamen
1048 1531 1134 1591 bona
1158 1530 1314 1591 latinitate

238 1657 352 1719 harum
373 1659 549 1722 litterarum
569 1659 739 1719 recederet.
752 1658 938 1719 Tertulliani
952 1678 1028 1718 vero
1041 1657 1179 1718 elocutio
1192 1666 1314 1736 quanto

239 1806 335 1866 opere
353 1785 394 1868 ab
415 1785 508 1845 huius
528 1785 596 1846 libri
609 1805 757 1845 sermone
769 1785 892 1845 differat
905 1786 1073 1845 ostendere
1084 1804 1167 1864 opus
1179 1804 1242 1843 non
1256 1793 1313 1844 est.

238 1914 352 1991 Itaque
387 1909 419 1972 si¹
447 1912 526 1978 liber
556 1882 650 1973 illea
673 1911 797 1972 falsario
821 1912 1020 1992 compositus
1044 1920 1111 1985 est,
1137 1909 1236 1970 Plinio
1260 1911 1315 1969 vix

199 2116 201 2120 ,
240 2047 385 2118 mortun,
408 2048 439 2099 et
463 2038 644 2099 viventibus
668 2039 767 2099 ctiam
791 2033 861 2098 tum
885 2047 983 2118 atque
1008 2036 1195 2126 florentibus
1209 2036 1315 2095 multis

229 2186 280 2232 *ex
302 2165 389 2226 Plinii
402 2167 599 2226 amicissimis
611 2164 689 2245 fingi
701 2165 828 2239 debuit,
842 2164 930 2244 quod
943 2185 1041 2244 quam
1056 2165 1095 2224 sit
1108 2135 1158 2224 uel
1172 2165 1315 2242 cogitatu

239 2291 414 2351 absurdum
439 2293 659 2372 unusquisque
684 2290 848 2369 intellegit.

256 2491 259 2500 .
284 2420 412 2498 ltaque,
439 2420 463 2478 si
487 2417 665 2479 Semlerum
690 2418 847 2497 excipias,
860 2418 916 2477 vix
928 2435 1126 2498 quemquam
1139 2415 1220 2491 inter
1232 2415 1316 2475 uiros

239 2544 352 2604 doctos
381 2545 552 2619 inveneriS,
585 2546 639 2625 qui
672 2554 738 2605 tam
774 2541 945 2604 incredibili
969 2543 1109 2623 opinioni
1133 2542 1255 2616 faveat,
1281 2552 1316 2602 ut

238 2671 412 2732 contendat
435 2670 549 2731 librum
575 2672 757 2731 universum
782 2669 909 2730 saeculo
934 2670 1074 2731 secundo
1095 2670 1230 2730 tertiove
1242 2678 1316 2748 post

238 2796 400 2858 Christum
435 2808 549 2859 natum
579 2818 649 2857 esse
679 2797 865 2872 confictum,
903 2797 969 2869 At,
1001 2816 1074 2857 cum
1107 2817 1148 2856 ex
1174 2797 1209 2856 iis
1233 2815 1316 2875 quae
1391 2802 1394 2807 “

238 2945 335 3004 supra
358 2923 524 2985 attulimus
547 2924 744 3003 argumentis
765 2924 841 2983 satis
862 2923 1025 2982 evidenter
1045 2931 1199 3002 appareat
1213 2942 1316 3001 neque

240 3050 367 3110 saeculo
381 3050 444 3111 XV
457 3050 506 3110 vel
520 3050 599 3111 XVI
612 3049 755 3110 fraudem
769 3049 905 3109 eandem
918 3049 1078 3109 committi
1091 3049 1244 3128 potuisse,
1260 3048 1316 3130 (de

241 3177 302 3236 alio
333 3187 441 3237 autem
474 3176 590 3236 fraudis
614 3185 760 3255 tempore
783 3175 937 3253 cogitavit
963 3173 1071 3254 nemo)
1096 3174 1255 3254 sequitur,
1283 3182 1317 3232 ut

240 3302 355 3363 librum
380 3303 562 3362 universum
587 3322 698 3374 verum
723 3279 985 3381 germanumque
1003 3315 1072 3360 esse
1096 3309 1286 3361 statuamus

284 3429 367 3490 Cum
393 3430 506 3508 igitur,
533 3438 567 3489 ut
591 3437 782 3507 argumenta
805 3426 902 3487 allata
925 3427 1036 3506 paucis
1060 3436 1222 3506 repetam,
1244 3401 1316 3485 libri

238 3555 332 3615 huius
353 3551 504 3616 abbam-lu
523 3555 705 3615 certissimis
718 3552 894 3613 rationibus
907 3551 1153 3632 comprobetur:
1168 3550 1314 3630 jucundi,

242 3682 377 3756 Budaei,
403 3681 496 3754 Aldi,
521 3681 721 3759 aliorumque
743 3680 858 3739 aetatis
878 3677 960 3755 illius
971 3679 1228 3739 doctissimorum
1242 3698 1316 3738 auc-

241 3807 370 3867 toritate
387 3808 527 3866 virorum
546 3816 578 3866 et
591 3805 653 3865 fide
666 3806 795 3884 egregie
807 3813 962 3884 spectata,
976 3805 1093 3865 codicis
1105 3805 1315 3884 antiquissimi

240 3931 461 4011 inscriptione,
499 3931 612 4010 lapidis
639 3931 784 4010 >denique
816 3931 1089 4012 incorruptissimo
1113 3931 1311 4004 testimonia,

240 4078 378 4138 cumque
400 4059 537 4119 eandem
563 4068 595 4119 et
613 4058 803 4137 posterioris
823 4058 937 4118 aetatis
958 4058 1149 4138 scriptorum
1162 4058 1315 4132 imitati0,

240 4186 368 4246 interior
410 4205 493 4264 quae
528 4186 558 4244 in
593 4183 654 4244 hoc
689 4184 769 4244 libro
804 4185 943 4244 cernitur
976 4184 1101 4243 illorum
1133 4193 1315 4264 temporum

243 4313 372 4386 notitia,
405 4313 545 4371 virorum
574 4311 833 4371 doctissimorum
857 4309 965 4389 (huius
989 4306 1119 4392 saeculi)
1143 4312 1316 4371 auctoritas
