3114 5130
785 473 824 518 10

266 640 422 721 Trajanus
453 643 494 702 ad
525 643 659 703 Plinium
688 645 850 724 scripsisse
876 645 982 706 fertur.
1008 645 1117 726 Quare
1141 655 1339 706 commenta·

264 769 385 830 tionem
416 770 588 849 inscripsit:
625 770 710 847 „Om
742 771 782 832 de
813 771 927 832 Keiser
949 772 1067 852 Trajan
1091 772 1213 852 tillagte
1237 772 1339 833 Breve

266 895 299 956 til
323 892 472 956 Plinius.'’

309 1021 373 1084 Sed
397 1042 501 1102 neque
525 1024 665 1104 Ussingii
688 1024 810 1086 libellus
834 1027 864 1086 iu
886 1026 1059 1088 multorum
1082 1047 1195 1087 manus
1215 1026 1340 1088 videtur

264 1151 461 1230 pervenisse,
487 1152 531 1212 ita
555 1160 589 1212 ut
612 1161 738 1232 praeter
760 1152 945 1233 Lagergren
965 1153 992 1235 ¹)
1019 1153 1086 1234 (qui
1105 1154 1132 1214 ei
1153 1150 1338 1235 assentitur)

265 1277 437 1338 invenerim
471 1280 646 1353 neminem,
679 1281 733 1360 qui
764 1280 844 1341 illius
876 1282 1072 1342 mentionem
1104 1281 1230 1342 faceret.
1255 1280 1337 1343 Cum

266 1424 341 1464 vero
372 1405 491 1485 Ussing
523 1416 555 1467 et
579 1406 622 1466 ob
646 1407 808 1486 egregiam
832 1406 1008 1468 litterarum
1033 1407 1214 1473 scientiam,
1239 1417 1271 1467 et
1295 1405 1338 1466 ob

265 1533 404 1593 rationes
427 1554 508 1613 quas
534 1532 682 1613 protulit,
707 1534 863 1594 intereos
883 1534 936 1614 qui
949 1531 997 1593 his
1010 1533 1126 1594 nostris
1138 1531 1338 1612 temporibus

264 1657 378 1719 harum
403 1660 610 1740 epistularum
635 1655 804 1720 κύθε-«κτίσεν
827 1661 1058 1740 impugnarunt
1081 1659 1177 1738 longe
1201 1659 1339 1718 eminere

265 1788 420 1864 videatur,
433 1786 495 1849 hoc
508 1788 578 1849 loco
586 1798 777 1868 argumenta
786 1789 853 1849 eius
862 1808 919 1868 per
927 1807 1054 1848 summa
1063 1787 1167 1867 capita
1176 1806 1339 1866 exponere

265 1914 296 1973 in
320 1915 427 1974 animo
451 1924 499 1975 est
542 1935 625 1995 quae
638 1924 751 1994 postea
765 1913 842 1994 (una
855 1933 929 1974 cum
942 1913 1021 1994 aliis)
1033 1912 1131 1973 fusius
1144 1911 1337 1992 expendam.

310 2041 416 2102 Priore
438 2041 583 2121 opusculi
607 2052 713 2121 parte,
735 2039 868 2102 Semleri
889 2050 921 2102 et
940 2039 1083 2102 Corrodii
1096 2040 1189 2119 nugis
1202 2039 1340 2100 breviter

265 2169 453 2243 confutata,
486 2167 591 2228 Heldii
625 2168 817 2229 sententiam
848 2167 1029 2240 examinat,
1054 2176 1103 2240 et,
1128 2186 1211 2245 quae
1235 2165 1285 2225 ille
1308 2165 1339 2224 in

264 2293 353 2354 Plinii
395 2293 537 2374 epistulis
579 2303 747 2375 tamquam
787 2294 901 2354 vitiosa
937 2291 1138 2373 reprehendit
1173 2292 1340 2352 sanissima

265 2441 335 2481 esse
357 2419 510 2496 affirmat,
536 2441 635 2500 quare
659 2420 788 2481 easdem
812 2419 966 2500 epistulas
990 2441 1009 2480 a
1032 2420 1120 2481 Plinii
1145 2439 1242 2480 manu
1266 2438 1340 2499 pro-

265 2548 363 2610 fectas
390 2569 460 2609 esse
482 2548 664 2623 contendit;
689 2557 822 2609 atvero
846 2568 920 2608 cum
945 2546 1061 2608 Heldio
1087 2545 1160 2608 lucit
1185 2547 1214 2606 in
1239 2548 1340 2608 omni-

267 2675 345 2752 bus,
370 2677 507 2756 quaein
531 2675 659 2755 Trajani
683 2675 842 2755 responsis
868 2674 918 2736 ille
943 2683 1120 2749 notaverat,
1141 2675 1240 2734 immo
1254 2674 1339 2735 haud

265 2800 389 2863 levibus
403 2803 601 2882 argumentis
613 2803 726 2863 eadem
739 2802 947 2863 corroborare
956 2810 988 2862 et
997 2800 1186 2862 confirmare
1195 2811 1339 2863 conatur.

310 2929 403 3010 Quae
442 2928 571 3006 quidem
608 2938 799 3008 argumenta
835 2939 869 2989 ut
905 2929 1091 2989 summatim
1126 2928 1338 3008 complectar,

265 3054 344 3116 haec
368 3063 458 3116 sunt:

314 3188 354 3244 1⁰.
386 3181 531 3261 Trajani,
563 3202 647 3262 quae
670 3181 829 3256 seruntur,
855 3183 1006 3262 rescripta
1031 3192 1122 3243 tanto
1147 3184 1339 3263 imperatore

267 3330 330 3371 non
367 3309 470 3370 solum
506 3310 653 3389 indigna,
689 3309 744 3369 sed
779 3329 875 3389 saepe
909 3310 1035 3389 inepta,
1071 3330 1166 3389 saepe
1203 3310 1338 3370 obscura

267 3460 336 3499 esse
370 3437 550 3513 contendit;
587 3437 776 3516 plerumque
807 3434 882 3495 nihil
913 3434 970 3495 illis
1003 3434 1156 3515 proficere
1187 3434 1338 3510 Plinium,

266 3585 330 3626 non
367 3584 438 3625 raro
473 3564 559 3625 Plinii
588 3562 740 3644 epistulas
770 3561 812 3642 ab
834 3562 1026 3642 imperatore
1049 3563 1104 3622 vix
1127 3563 1224 3624 videri
1249 3563 1340 3625 intel-

264 3690 411 3771 lectas.'·‘)

304 3876 321 3940 ¹)
337 3879 359 3938 J,
379 3879 404 3927 Ι),
432 3877 574 3945 [sagergreu
597 3877 654 3936 „lle
672 3877 722 3923 vita
740 3884 765 3923 et
784 3877 932 3924 liloeutione
952 3877 1042 3924 Plinii'
1064 3878 1147 3940 Upsal.
1169 3878 1238 3940 1871.
1257 3900 1281 3946 p.
1300 3893 1340 3942 25.

300 3956 444 4017 Madvigius
471 3970 569 4017 quoque
588 3955 710 4018 Ussingii,
729 3955 857 4014 instillet,
877 3957 1028 4017 argumentis
1046 3956 1169 4004 adductus
1187 3965 1222 4004 est
1241 3967 1264 4005 ul
1284 3960 1340 4005 seri-

265 4039 336 4085 beret
354 4035 428 4082 haec:
446 4035 544 4094 „llinen
562 4034 619 4081 sehr
636 4034 770 4095 wielitigen
790 4035 890 4095 lleitrag
907 4050 949 4081 zur
966 4035 1105 4082 lx'enntuiss
1123 4035 1167 4081 iles
1183 4036 1341 4083 Statilialter-

266 4114 399 4176 tharigkcit
417 4114 501 4161 lrieten
520 4113 683 4160 lrekanntlieh
702 4114 742 4160 ilie
757 4114 838 4161 Briele
853 4115 896 4160 iles
913 4114 1006 4160 Plinius
1021 4130 1051 4160 au
1069 4114 1175 4176 liajan,
1190 4116 1235 4161 ilas
1245 4115 1340 4162 Zeluue

268 4194 349 4255 linctu
377 4209 425 4241 von
452 4193 500 4240 den
529 4194 678 4241 lutrinum
706 4194 746 4240 ilie
772 4195 829 4241 ilem
856 4192 947 4254 'liajau
975 4193 1168 4254 zugeseluieben
1192 4195 1292 4242 werden
1310 4196 1337 4240 iu

266 4273 380 4335 gauzlieli
399 4271 566 4320 aluuselieu''.
586 4275 659 4321 ltr'lm,
678 4275 749 4320 Staat
768 4274 792 4320 lt
810 4291 833 4336 p.
856 4284 899 4334 115
920 4280 971 4321 not.

302 4350 321 4412 ²)
340 4352 431 4415 Ussing
449 4352 474 4401 ll.
492 4369 533 4416 pp,
553 4364 642 4414 7-19.
