3114 5130
731 420 772 499 67

216 627 300 688 quae
331 607 425 668 turba
447 606 615 669 hominum
639 608 800 668 emendari
824 608 942 687 possit,
968 609 993 667 si
1017 608 1057 668 sit
1079 606 1293 687 paenitentiae

217 733 337 795 locus.’'

261 861 299 924 T.
324 876 377 940 97.
402 862 559 941 Trajanus
585 861 694 923 Plinio.

262 965 409 1066 „Actum
444 1008 542 1069 quem
577 989 733 1070 debuisti,
768 990 810 1049 mi
842 987 1006 1065 Secunde,
1040 991 1070 1050 in
1095 992 1295 1053 excutiendis

217 1115 320 1175 causis
351 1136 462 1176 eorum
492 1117 547 1196 qui
578 1115 747 1178 Christiani
778 1116 819 1176 ad
845 1125 877 1178 te
899 1117 995 1178 delati
1019 1116 1143 1179 fuerant
1167 1127 1295 1179 secutus

218 1261 261 1300 es
294 1241 408 1321 Neque
439 1242 523 1302 enim
555 1243 585 1301 in
618 1243 801 1302 universum
834 1243 951 1324 aliquid
979 1244 1068 1324 quod
1103 1245 1194 1324 quasi
1229 1265 1295 1305 cer-

218 1378 285 1428 tam
309 1367 444 1429 sormam
464 1367 583 1430 habeat
601 1370 751 1431 constitui
764 1378 872 1450 potest
897 1370 1111 1451 Conquirendi
1126 1392 1190 1431 non
1203 1380 1294 1433 sunt:

218 1497 243 1556 si
274 1495 455 1557 deferantur
486 1505 518 1556 et
548 1505 741 1576 arguantur,
767 1498 917 1577 puniendi
942 1509 1034 1574 sunt,
1059 1498 1103 1560 ita
1128 1508 1236 1560 tamen
1262 1509 1297 1561 ut

219 1624 273 1703 qui
305 1625 469 1704 negaverit
500 1643 534 1684 se
566 1621 782 1685 Christianum
806 1644 875 1684 esse
899 1624 994 1704 idque
1018 1644 1051 1685 re
1075 1626 1143 1706 ipsa
1167 1624 1297 1685 manif-

219 1760 305 1810 stum
329 1749 452 1825 lecerit,
478 1749 508 1809 id
540 1759 589 1810 est
612 1749 821 1830 supplicando
845 1749 893 1809 dis
917 1749 1048 1825 nostriS,
1073 1751 1221 1830 quamvis
1245 1770 1297 1810 su-

161 1939 164 1944 ,
219 1885 347 1957 spectus
381 1878 412 1936 in
444 1878 668 1957 praeteritum,
701 1878 827 1938 veniam
850 1898 893 1938 ex
917 1879 1111 1958 paenitentia
1136 1880 1294 1959 impetret.

219 2002 294 2065 Sine
316 2013 448 2064 auctore
470 2024 546 2065 vero
570 2004 724 2084 propositi
748 2003 843 2064 libelli
867 2003 903 2065 in
927 2005 1013 2065 nullo
1038 2006 1168 2066 erimine
1192 2005 1297 2066 locum

219 2131 338 2192 habere
350 2131 478 2207 debent,
493 2151 568 2191 nam
581 2141 613 2192 et
625 2132 753 2212 pessimi
766 2131 906 2212 exempli
916 2153 973 2193 nec
982 2134 1080 2194 nostri
1091 2133 1207 2193 saeculi
1218 2131 1297 2195 est.''

265 2259 433 2320 Adversus
464 2257 522 2318 has
553 2259 649 2338 igitur
679 2258 799 2320 litteras
831 2259 886 2319 viri
918 2259 1004 2320 docti
1028 2260 1079 2319 alii
1104 2259 1164 2319 alia
1189 2268 1299 2340 protu-

219 2388 334 2449 lerunt.
365 2388 442 2448 Post
472 2385 651 2448 Semlerum
683 2405 756 2446 cum
788 2387 871 2461 suis,
900 2406 982 2466 quos
1014 2385 1179 2447 brevitatis
1202 2406 1299 2447 causa

220 2515 416 2589 omittimuS,
440 2523 609 2593 utramque
621 2512 792 2592 epistulam
806 2513 1008 2592 impugnavit
1021 2511 1165 2587 Heldius,
1180 2513 1299 2592 quippe

221 2645 275 2724 qui
306 2652 412 2705 totum
442 2642 558 2702 librum
590 2642 734 2722 spurium
760 2660 830 2701 esse
853 2641 992 2702 duceret.
1017 2640 1105 2702 Plinii
1130 2641 1300 2722 epistulam

223 2771 337 2847 Aube,
354 2770 377 2851 ¹)
400 2769 584 2849 DejardinS,
597 2765 624 2852 ⁸²)
647 2769 772 2849 Dupuy
784 2766 811 2851 ³)
835 2788 1023 2848 germanam
1048 2787 1118 2828 esse
1131 2778 1299 2848 negarunt,

187 2934 188 2938 =
221 2920 322 2981 quum
346 2899 477 2961 tandem
501 2893 710 2980 Ussingiusl)
734 2896 838 2956 solum
862 2895 990 2975 Trajani
1015 2896 1204 2976 rescriptum
1226 2916 1301 2975 sup-

222 3029 364 3108 positum
387 3047 457 3087 esse
480 3024 665 3087 contendat.
690 3023 788 3084 Hisce
811 3022 933 3084 aceedit
957 3021 1185 3102 aliquomodo
1210 3021 1250 3081 de
1270 3021 1300 3080 la

222 3151 382 3238 Berge,''')
413 3155 467 3235 qui
496 3152 666 3213 nonnullos
691 3151 820 3232 quidem
845 3149 1012 3210 dubitandi
1035 3169 1148 3210 causas
1172 3147 1231 3208 sibi
1254 3148 1301 3207 vi-

222 3282 317 3343 detur
340 3280 513 3353 invenisse,
538 3279 615 3340 certi
635 3287 744 3339 tamen
758 3277 932 3357 quidquem
945 3275 1103 3336 affirmare
1115 3295 1178 3335 non
1192 3275 1299 3336 audet.

223 3409 252 3471 E
287 3408 404 3490 quibus
435 3405 534 3467 Aube'
556 3403 603 3491 (et
625 3403 824 3484 Desjardins)
849 3400 981 3463 Semleri
1004 3402 1145 3480 vestigiis
1169 3401 1233 3461 fere
1256 3402 1302 3460 in-

223 3537 338 3597 sistens
369 3534 457 3596 Plinii
481 3532 650 3614 epistulam
675 3551 749 3592 cum
773 3529 900 3591 aliunde
923 3527 1059 3606 cognitis
1082 3526 1162 3586 illius
1187 3526 1302 3587 aetatis

222 3664 329 3740 factiS,
364 3661 477 3743 rebus,
502 3661 644 3722 moribus
669 3677 844 3739 congruere
868 3664 982 3736 negat,
1008 3655 1132 3734 Dupuy
1155 3673 1232 3713 vero
1257 3653 1302 3712 in-

229 3831 422 3842 ..—-———

261 3926 279 3989 ¹)
298 3927 372 3974 Aube
390 3924 503 3972 Histoire
520 3923 564 3970 des
582 3921 755 3969 Persecutions
771 3937 813 3984 pp.
831 3930 878 3981 207
897 3934 965 3983 seqq.

261 4009 285 4068 ⁹)
302 4007 323 4053 E
341 4004 488 4067 Desjardins
505 4004 530 4051 in
549 4003 654 4061 „Revue
672 4001 715 4047 (les
733 4000 797 4047 deux
816 3996 939 4047 Monrles''
960 3998 1023 4059 1874
1041 3999 1114 4047 Tom.
1133 3997 1198 4060 opp.
1209 3996 1256 4060 655
1267 4013 1302 4059 sq.

261 4085 280 4146 ³)
298 4088 391 4148 Dupuy
419 4085 444 4130 in
469 4083 600 4143 „Annales
626 4082 658 4127 de
684 4080 709 4127 la
736 4080 840 4126 Faculte
868 4079 911 4125 des
928 4079 1014 4124 lettres
1031 4078 1063 4124 <le
1081 4077 1213 4124 Bordeaux
1233 4075 1303 4125 1880.

225 4165 300 4215 Tom.
317 4178 332 4213 2
350 4181 392 4227 pp.
413 4161 554 4222 182-196.

259 4244 279 4304 ⁴)
297 4245 390 4306 Ussing
407 4244 433 4293 ll,
451 4260 476 4306 p.
494 4247 534 4305 25.

260 4322 278 4383 ⁸)
297 4324 368 4371 Essni
385 4339 425 4370 sur
442 4323 465 4369 le
484 4324 560 4382 regne
578 4319 609 4367 de
627 4319 721 4380 Trajan
738 4335 778 4381 pp.
800 4327 847 4378 207
867 4332 920 4379 sqq.
