3114 5130
733 473 772 552 65

260 659 298 720 T.
323 659 375 738 96.
401 659 435 721 C.
460 660 576 720 Plinius
600 660 739 740 Trajano
763 662 961 742 Imperatori.
977 660 1001 746 ¹)

260 785 432 864 „Solemne
463 797 512 848 est
544 786 635 863 mihi,
667 789 813 864 domine,
840 790 948 850 omnia
972 790 1151 871 dequibus
1175 791 1288 853 dubito

215 913 255 974 ad
287 921 319 974 te
351 913 472 974 referre.
498 913 578 995 Quis
602 915 686 974 enim
710 924 818 995 potest
842 916 954 976 melius
978 917 1028 976 vel
1051 919 1289 978 cunctationem

216 1061 320 1102 meam
345 1061 455 1120 regere
478 1040 528 1100 vel
552 1042 766 1119 ignorantiam
787 1041 964 1103 instrucre?
986 1042 1231 1121 Cognitionibus
1251 1043 1291 1103 de

215 1166 401 1229 Christianis
436 1167 560 1228 interfui
593 1188 788 1248 numquam:
820 1169 891 1229 ideo
924 1170 1030 1230 nescio
1054 1170 1129 1249 quid
1156 1179 1188 1230 et
1211 1191 1290 1249 qua-

215 1305 308 1356 tenus
331 1303 387 1355 aut
410 1295 512 1374 puniri
536 1295 638 1355 soleat
661 1304 718 1356 aut
741 1297 859 1376 quaeri.
881 1296 950 1356 Nec
970 1296 1171 1356 mediocriter
1188 1294 1290 1357 haesi-

214 1423 295 1497 tavi,
321 1423 402 1482 sitne
425 1421 554 1502 aliquod
573 1422 741 1482 discrimen
761 1430 922 1498 aetatum,
944 1443 985 1483 an
998 1422 1176 1502 quamlibet
1189 1425 1289 1484 teneri

214 1547 288 1609 nihil
323 1570 342 1609 a
373 1549 606 1609 robustioribus
637 1548 800 1629 differant,
825 1550 919 1611 detur
942 1551 1156 1630 paenitentiae
1179 1552 1289 1628 venia,

214 1697 253 1737 an
290 1678 317 1736 ei
353 1677 407 1756 qui
443 1677 573 1735 omnino
604 1674 804 1737 Christianus
836 1675 910 1752 fuit,
936 1676 1055 1737 desisse
1079 1696 1141 1735 non
1166 1677 1287 1756 prosit,

214 1825 330 1865 nomen
362 1805 484 1884 ipsum,
518 1804 542 1863 si
576 1803 702 1883 flagitiis
726 1811 850 1877 careat,
874 1824 914 1863 an
940 1802 1061 1882 flagitia
1085 1802 1289 1863 cohaerentia

213 1927 338 1992 nomini
364 1932 545 2011 puniantur.
583 1930 713 1991 Interim
745 1929 780 1989 in
811 1930 845 1989 iis
878 1930 932 2010 qui
963 1930 1004 1991 ad
1036 1951 1088 1990 me
1119 1940 1288 2010 tamquam

213 2057 382 2120 Christiani
411 2058 635 2119 deferebantur
665 2057 750 2118 hunc
774 2078 846 2117 sum
869 2067 999 2118 secutus
1022 2059 1164 2118 modum.
1191 2058 1290 2117 lnter-

213 2186 323 2265 rogavi
343 2187 429 2266 ipsos
442 2207 482 2246 an
495 2195 601 2246 essent
615 2183 801 2247 Christiani:
815 2184 1005 2246 confitentes
1018 2185 1131 2246 iterum
1145 2206 1182 2245 ac
1196 2186 1289 2245 tertio

213 2314 405 2392 interrogaui
439 2313 629 2393 supplicium
666 2312 821 2372 minatus:
848 2322 1088 2391 perseuerantes
1111 2312 1183 2372 (luci
1203 2312 1286 2371 iussi.

192 2424 328 2520 'Neque
361 2441 445 2501 enim
476 2438 682 2514 dubitabam,
717 2439 952 2519 qualecumque
984 2448 1068 2498 esset
1100 2439 1187 2518 quod
1213 2441 1289 2499 late-

212 2577 336 2641 rentur,
374 2567 581 2647 pertinaciam
618 2574 704 2626 certe
739 2574 771 2625 et
806 2564 1012 2625 inflexibilem
1038 2565 1287 2627 obstinationem

211 2692 328 2753 debere
358 2694 469 2773 puniri.
503 2693 646 2752 Fuerunt
681 2692 731 2752 alii
755 2691 863 2751 similis
887 2692 1063 2767 amentiae,
1089 2712 1187 2772 quos,
1214 2695 1288 2773 quia

211 2821 295 2880 cives
317 2819 458 2880 Romani
482 2829 588 2894 erant,
610 2819 761 2879 adnotavi
786 2820 816 2878 in
843 2818 954 2879 urbem
975 2819 1194 2880 remittendos,
1207 2821 1288 2880 Mox

211 2948 280 3027 ipso
301 2956 457 3021 tractatu,
479 2956 513 3006 ut
538 2945 603 3005 fieri
627 2944 725 3021 solet,
750 2944 947 3005 diffundente
971 2965 1005 3005 se
1028 2946 1158 3006 crimine
1182 2945 1288 3026 plures

211 3074 331 3153 species
366 3073 550 3133 inciderunt.
588 3072 774 3152 Propositus
811 3081 860 3132 est
896 3071 1019 3132 libellus
1054 3074 1122 3133 sine
1157 3084 1288 3134 auctore

211 3199 385 3259 multorum
410 3200 539 3258 nomina
563 3200 737 3259 continens.
763 3199 826 3279 Qui
851 3199 1015 3278 negabant
1039 3221 1108 3260 esse
1136 3222 1170 3261 se
1198 3200 1287 3263 Chri-

210 3327 331 3387 stianos
354 3337 410 3388 aut
433 3326 536 3397 fuisse,
562 3346 635 3386 cum
660 3334 835 3404 praeeunte
859 3345 910 3386 me
934 3325 1012 3385 deos
1035 3327 1232 3406 appellarent
1255 3336 1288 3386 et

210 3454 339 3533 imagini
364 3463 454 3528 tuae,
479 3473 576 3533 quam
602 3461 733 3532 propter
755 3450 817 3512 hoc
840 3453 992 3513 iusseram
1017 3474 1089 3514 cum
1112 3454 1287 3514 sinmlacris

210 3583 376 3642 numinum
412 3581 539 3655 adferri,
575 3590 645 3641 turc
679 3601 716 3642 ac
751 3582 825 3641 vino
857 3581 1088 3661 supplicarent,
1121 3592 1287 3662 praeterea

210 3709 433 3770 maledicerent
468 3708 613 3790 Christo,
649 3729 787 3789 quorum
820 3709 894 3769 nihil
926 3731 1021 3790 posse
1044 3712 1115 3790 cogi
1138 3712 1287 3772 dicuntur

208 3837 262 3916 qui
286 3845 361 3898 sunt
383 3857 416 3897 re
441 3857 515 3896 vera
540 3834 727 3911 Christiani,
748 3835 956 3897 dimittendos
980 3858 1049 3898 esse
1073 3840 1194 3918 putavi.
1220 3839 1286 3899 Alii

209 3964 251 4024 ab
282 3963 383 4024 indice
414 3964 568 4024 nominati
603 3983 672 4038 esse
697 3983 731 4022 se
757 3960 953 4025 Christianos
976 3964 1127 4026 dixerunt
1151 3976 1182 4027 et
1207 3986 1286 4026 mox

213 4158 404 4166 ψ-

245 4289 264 4350 1)
282 4291 387 4338 Secutus
412 4306 466 4337 sum
493 4290 519 4336 in
538 4289 606 4335 hisce
624 4289 760 4336 editionem
779 4289 868 4335 Keilii:
888 4290 968 4336 varias
985 4291 1106 4337 lectiones
1124 4291 1285 4353 paucissimas

207 4370 275 4433 apud
292 4370 455 4433 nuperrimam
473 4369 596 4416 editorem
615 4369 704 4429 Hardy
722 4369 814 4427 (Lond,
832 4368 905 4429 1889)
924 4370 967 4416 ubi
985 4386 1047 4433 opus
1064 4369 1285 4420 fueritadnotabO.

1170 4485 1182 4536 5
