3114 5130
717 466 772 512 101

206 635 359 715 scriptum
392 655 455 707 non
479 636 519 697 ad
543 656 656 697 omnes
680 619 768 698 Plinii
791 638 996 719 quaestiones
1020 639 1226 719 respondere,
1252 639 1284 700 id

207 782 413 842 nequaquam
448 763 652 843 probandum
688 762 764 826 mihi
799 764 934 827 videtur.
971 765 1117 841 Etenim,
1152 767 1177 827 si
1208 766 1283 827 illud

207 910 325 970 unum,
357 890 487 971 dequo
512 890 610 969 „nihil
634 891 721 972 quod
745 893 837 972 quasi
861 903 982 954 certam
1006 892 1141 955 sormam
1165 893 1284 955 habeat

205 1018 357 1079 constitui
380 1016 519 1098 potest''‚
545 1018 686 1099 excipias
706 1018 747 1081 ad
768 1020 876 1081 omnia
888 1041 972 1101 quae
984 1020 1101 1081 Plinius
1114 1030 1284 1101 rogaverat

207 1145 393 1206 brevissime
417 1142 467 1206 ille
493 1144 641 1226 quidem,
665 1145 722 1206 sed
744 1146 928 1227 planissime
952 1157 1059 1209 tamen
1086 1147 1259 1227 respondit.

252 1271 385 1354 Quaerit
419 1273 502 1334 enim
537 1272 671 1335 Plinius:
717 1278 765 1336 1⁰.
797 1274 883 1355 Quid
923 1283 956 1337 et
988 1283 1147 1354 quatenus
1180 1275 1284 1354 puniri

206 1398 308 1462 soleat
341 1409 398 1461 aut
428 1400 555 1480 quaeri3
588 1419 704 1461 nomen
736 1401 841 1482 ipsu-m
867 1421 908 1462 an
934 1399 1055 1481 flagitia
1078 1400 1283 1463 cohaerentia

207 1527 326 1588 nomini
336 1526 347 1587 ἓ
357 1525 400 1588 2⁰.
411 1525 500 1590 Sitne
512 1527 680 1589 discrimen
694 1537 839 1591 aetatum
852 1538 950 1609 atque
962 1550 1069 1590 sexus
1084 1529 1127 1608 3⁰.
1138 1528 1283 1591 Deturne
1319 1593 1321 1599 ,

206 1654 421 1735 paenitentiae
450 1655 552 1716 venia.
584 1659 637 1732 4⁰.
670 1655 817 1716 Tandem
849 1656 984 1736 exponit
1007 1675 1105 1736 quem
1129 1654 1282 1735 „actum”

207 1791 336 1843 secutus
360 1782 417 1857 sit,
442 1791 484 1844 ct*
497 1782 623 1862 quaerit
646 1791 732 1845 recte
757 1802 865 1844 necne.

253 1906 440 1988 Respondet
473 1907 648 1988 Trajanus:
682 1907 722 1968 ad
756 1909 802 1985 4¹⁸.
839 1907 940 1969 Recte
971 1908 1080 1988 egisti3
1105 1908 1212 1969 —ad
1237 1906 1282 1970 20.

206 2043 294 2095 certa
317 2033 419 2096 forma
443 2035 592 2097 constitui
618 2056 681 2096 non
705 2044 829 2115 potest;
855 2071 897 2080 -
921 2036 961 2097 ad
992 2042 1042 2114 3⁰.
1066 2036 1284 2098 Poenitentiae

207 2160 300 2221 venia
342 2160 465 2237 danda;
501 2197 543 2206 —-
582 2162 622 2222 ad
667 2166 713 2222 1⁰.
757 2161 884 2224 Nomen
926 2163 1032 2242 ipsum
1073 2161 1284 2242 puniendum.

211 2285 315 2349 Addit
345 2307 409 2348 non
439 2308 509 2349 esse
533 2287 733 2368 accipiendos
757 2287 879 2348 libellos
902 2288 969 2348 sine
992 2288 1132 2350 auctoris
1155 2288 1284 2349 nomine

206 2413 397 2493 propositos.

252 2539 306 2602 Ex
340 2549 480 2619 quatuor
503 2539 560 2601 illis
583 2540 718 2602 alterum
742 2542 766 2601 si
791 2541 949 2622 excipiaS,
973 2541 1050 2622 quid
1072 2540 1210 2622 amplius
1235 2562 1283 2603 re-

206 2668 364 2750 spondere
387 2667 544 2747 Trajanus
568 2667 700 2729 debuit?
724 2666 810 2749 Quid
834 2668 922 2748 quod
945 2667 974 2729 T
976 2666 1073 2748 rajani
1091 2687 1281 2749 responsum

208 2805 274 2858 tam
298 2796 501 2877 perspicuum
525 2804 657 2875 tamque
677 2794 826 2855 omnibus
839 2794 978 2855 numeris
990 2793 1175 2857 absolutum
1188 2794 1282 2854 fuisse

207 2921 384 2997 contend0,
420 2932 456 2984 ut
489 2921 539 2982 vel
574 2942 631 3002 per
666 2922 826 3002 integrum
859 2922 1023 2984 saeculum
1047 2957 1089 2967 -
1114 2943 1216 3003 usque
1240 2922 1281 2983 ad

208 3049 296 3110 Decii
319 3060 459 3117 aetatem
485 3070 543 3130 pro
565 3070 676 3111 norma
689 3059 721 3112 et
732 3049 842 3130 regula
855 3050 885 3111 in
899 3049 1095 3113 Christianos
1106 3047 1282 3131 inquirendi

206 3176 301 3238 fuisse
323 3176 478 3240 videatur.

253 3304 384 3384 „Apres
406 3305 496 3365 avdir
519 3325 592 3384 recu
615 3303 645 3364 la
669 3304 761 3382 lettre
784 3304 824 3364 de
844 3303 961 3384 Trajan
981 3303 1066 3365 Pline
1079 3302 1198 3365 n'avait
1210 3303 1281 3385 plus

207 3432 272 3493 rien
304 3452 323 3493 a
346 3432 536 3507 demander;
561 3431 620 3492 elle
643 3441 692 3493 est
715 3432 740 3492 si
764 3432 886 3512 precise
909 3431 989 3493 etsi
1014 3440 1102 3493 nette
1125 3429 1240 3511 qu'elle
1263 3452 1282 3492 a

208 3558 290 3619 servi
313 3558 352 3619 de
376 3558 462 3638 regle
485 3578 549 3618 non
574 3558 752 3620 seulement
771 3560 790 3618 a
809 3558 895 3619 Pline
907 3557 1071 3618 lui-meme
1084 3557 1164 3618 mais
1177 3559 1196 3617 “a
1208 3567 1282 3620 tous

207 3686 252 3746 les
275 3704 492 3765 gouverneurs
516 3685 555 3746 de
579 3685 730 3765 province
749 3683 878 3766 jusqu'a
901 3681 1020 3746 Dece.'’
1038 3682 1061 3768 ¹)

253 3815 367 3893 Atque
389 3834 430 3874 cx
454 3812 540 3874 hisce
563 3811 693 3892 quidem
716 3832 800 3891 quae
823 3811 928 3873 adhuc
951 3811 1186 3892 disputavimus
1204 3812 1281 3872 satis

206 3940 339 4002 efficitur
370 3939 463 4001 huius
494 3938 563 4001 libri
594 3934 764 4000 allevent
795 3936 883 4000 facile
918 3959 1014 4019 posse
1046 3937 1181 3999 delendi.
1205 3937 1280 4018 Quo

206 4088 283 4129 vero
308 4068 390 4128 idem
415 4067 464 4128 vel
488 4066 629 4148 planius,
654 4067 679 4127 si
703 4065 770 4127 fieri
794 4066 911 4147 possit,
935 4073 1106 4147 appareat,
1116 4064 1209 4144 juvat
1220 4063 1282 4125 hoc

245 4342 262 4402 ¹)
280 4343 388 4390 Boissier
406 4345 467 4393 Rev.
487 4343 596 4391 ilrclreol
613 4342 640 4393 ll.
659 4360 682 4406 p.
704 4353 757 4405 125.
777 4341 875 4389 Arnold
892 4343 918 4391 ll.
938 4360 961 4405 p.
979 4354 1018 4402 42.
