3114 5130
720 492 760 556 27

249 659 333 723 Satis
367 661 445 723 haec
483 700 521 707 ——
557 634 591 724 ut
621 684 695 724 cum
720 664 808 724 Aldo
834 662 947 743 loquar
971 698 1008 707 -—
1036 663 1087 723 vel
1111 663 1280 742 suspicaci-

204 788 312 848 oribus
334 809 404 849 esse
426 790 556 868 opinor,
582 789 622 850 ad
643 789 711 851 libri
731 790 850 870 dequo
863 792 990 869 agimus
1003 789 1100 849 fidem
1112 789 1280 849 manifesto

204 915 496 996 comprobandam:
530 926 565 978 ut
594 938 670 978 vero
702 917 732 977 id
756 917 843 997 quod
869 917 1062 978 intendimus
1086 915 1134 977 vel
1160 915 1279 994 magis,

204 1044 229 1103 si
264 1042 329 1103 fieri
363 1052 486 1122 potest,
518 1042 655 1123 liqueat,
676 1043 742 1122 jam
768 1044 808 1104 ad
833 1045 973 1119 interna,
997 1064 1081 1124 quae
1104 1053 1279 1117 vocantur,

204 1180 395 1250 argumenta
431 1181 640 1231 transeamus.
678 1170 824 1245 Etenim,
860 1172 885 1231 si
916 1172 987 1252 quis
1018 1172 1103 1251 ipsas
1127 1169 1280 1251 epistulas

203 1296 633 1376 diligenterconsideraverit,
643 1296 813 1359 sacilecum
823 1297 1113 1378 scribendigenere,
1123 1306 1280 1357 tumvero

204 1423 239 1482 iis
255 1443 338 1503 quae
351 1425 525 1488 continent,
540 1445 594 1485 eas
606 1425 762 1505 originem
775 1445 867 1486 suam
880 1446 956 1505 prae
969 1447 1003 1485 se
1016 1425 1094 1486 lerre
1106 1423 1278 1503 intelleget.

248 1549 338 1610 Licet
374 1551 474 1626 enim,
512 1560 547 1612 ut
576 1550 639 1626 jam
672 1562 840 1613 monuerat
873 1552 995 1627 Aldus,
1020 1552 1124 1632 primo
1146 1560 1279 1631 aspectu

204 1677 246 1738 ab
279 1677 347 1738 aliis
383 1678 469 1738 Plinii
504 1679 647 1758 epistulis
682 1677 768 1739 haud
800 1700 914 1760 parum
946 1679 1063 1740 distare
1094 1678 1279 1754 videantur,

204 1805 298 1865 huius
321 1805 553 1885 discrepantiae
578 1804 663 1866 nullo
684 1807 815 1885 negotiu
829 1807 910 1868 ratio
922 1807 1072 1868 redditur.
1087 1806 1162 1866 Non
1175 1804 1278 1865 solum

206 1953 345 2012 namque
368 1933 445 1993 alias
469 1932 622 2012 epistulas
646 1931 806 1994 scribebat
830 1933 947 1994 Plinius
971 1933 1011 1994 ad
1035 1934 1155 1994 amieos
1179 1932 1280 2011 digni-

204 2067 271 2118 tate
297 2057 448 2137 aequales
471 2057 539 2118 illos
564 2057 769 2139 plerumque,
794 2070 851 2120 aut
875 2061 971 2120 etiam
997 2058 1196 2137 „minores'',
1222 2057 1280 2120 lias

204 2205 280 2244 vero
303 2185 344 2245 ad
364 2184 552 2249 Caesarem.
572 2206 736 2246 summum
757 2186 844 2247 illum
865 2188 990 2267 Imperii
1003 2186 1142 2247 Romani
1155 2188 1180 2247 si
1194 2207 1280 2265 „non

799 2312 859 2341 vl

204 2309 391 2372 dominum''
428 2321 572 2373 attamen
607 2324 796 2392 „parentem
828 2363 835 2389 ,
865 2315 876 2394 )
909 2315 950 2375 ad
980 2335 1077 2395 quem
1101 2314 1196 2394 longe
1219 2315 1280 2375 alia

204 2439 326 2499 ratione
349 2438 552 2499 scribendum
576 2439 671 2500 fuisse
695 2460 789 2500 nemo
809 2461 870 2500 non
886 2441 990 2517 videt,
1004 2462 1076 2502 eum
1090 2443 1279 2523 praesertim

204 2565 357 2646 epistulas
366 2565 586 2646 „negotiales”
598 2588 679 2647 quas
692 2567 864 2643 vocabant,
879 2588 942 2628 non
956 2569 1051 2630 rebus
1064 2571 1167 2649 magis
1179 2590 1277 2649 quam

204 2692 360 2754 scribendi
391 2713 508 2773 genere
532 2694 574 2754 ab
599 2694 741 2774 epistulis
765 2694 805 2756 ad
826 2695 994 2756 familiares
1018 2698 1141 2777 scriptis
1165 2697 1279 2759 Gram-

205 2821 312 2882 matiei
340 2829 464 2882 veteres
488 2820 627 2882 solerent
650 2822 855 2903 distinguere,
871 2820 899 2903 ⁹)
925 2823 981 2884 sed
1004 2835 1037 2885 et
1060 2823 1100 2885 de
1123 2825 1190 2885 aliis
1215 2825 1280 2905 ple·

205 2968 341 3028 rumque
363 2947 475 3021 rebu3‚
500 2946 607 3027 saetis,
632 2948 816 3009 hominibus
839 2951 870 3010 in
894 2950 942 3010 his
965 2950 1107 3031 epistulis
1131 2972 1228 3031 quam
1249 2952 1279 3010 in

205 3055 322 3136 novem
346 3075 408 3152 „ad
432 3073 621 3136 fiarrriliares''
644 3075 729 3137 libris
742 3077 825 3156 agit,
840 3078 884 3138 ita
897 3087 932 3138 ut
944 3077 1124 3138 mirandum
1137 3079 1280 3157 prolecto

204 3223 268 3263 non
292 3203 333 3264 sit
356 3213 388 3264 et
412 3201 472 3263 alia
495 3201 653 3263 voeabula
677 3224 773 3283 saepe
797 3204 827 3263 in
852 3202 914 3264 hoc
937 3202 1016 3264 libro
1040 3203 1110 3284 legi.

250 3330 388 3392 Accedit
422 3330 531 3410 qnod,
569 3340 603 3392 ut
633 3330 701 3409 jam
733 3330 925 3410 significavi,
957 3330 1035 3392 liber
1058 3350 1122 3390 non
1146 3331 1187 3392 ab
1211 3333 1281 3412 ipso

205 3457 319 3533 Plinio,
345 3456 400 3518 sed
428 3457 470 3518 ab
495 3456 599 3519 amieo
623 3468 679 3519 aut
703 3457 816 3519 liberto
840 3458 1057 3519 videturesse
1081 3458 1200 3533 editus,
1226 3460 1280 3538 qui

204 3584 284 3646 forte
316 3605 378 3645 non
403 3585 516 3645 eadem
541 3605 616 3645 eura
640 3585 748 3645 omnia
772 3585 911 3645 correxit
936 3594 968 3646 et
991 3584 1190 3660 emendavit,
1216 3606 1280 3664 qua

205 3712 321 3772 Plinius
346 3713 376 3772 in
400 3711 468 3772 aliis
493 3711 577 3771 libris
604 3732 680 3772 usus
703 3721 780 3772 erat.

251 3833 314 3900 Sed
338 3837 399 3900 hae
422 3847 532 3898 tamen
558 3839 646 3918 ipsae
659 3838 830 3918 epistulae,
845 3838 875 3898 in
889 3837 996 3898 multis
1008 3859 1092 3918 quae
1104 3839 1144 3899 ad
1157 3839 1281 3899 dicendi

205 3986 307 4046 genus
342 3966 518 4046 pertinent,
552 3985 626 4026 cum
655 3965 722 4025 aliis
748 3964 835 4026 Plinii
859 3965 984 4044 seriptis
1008 3966 1220 4041 conveniunt,
1246 3976 1281 4026 ut

205 4092 256 4154 vel
290 4093 333 4153 ob
368 4091 452 4153 hanc
488 4092 643 4152 rationem
681 4091 722 4152 ab
754 4090 867 4152 eodem
892 4100 1023 4152 auctore
1047 4090 1187 4170 prolecta
1211 4111 1281 4150 esse

207 4237 397 4247 ———

243 4303 260 4362 ¹)
279 4304 321 4352 cfr.
340 4305 393 4351 Pau
419 4320 439 4352 c.
459 4318 473 4351 2
499 4305 575 4362 „Nou
594 4305 625 4351 de
643 4304 746 4351 domino
764 4305 807 4350 secl
825 4304 856 4350 de
873 4311 976 4366 parente
993 4303 1143 4366 loquinuir.”

241 4381 259 4444 ²)
279 4383 315 4431 eir
340 4384 368 4433 C.
384 4383 433 4444 Jnl,
452 4384 539 4431 Victor
557 4383 605 4430 Ars
624 4383 759 4430 Rhetorica
777 4399 797 4430 e.
816 4393 847 4444 27
866 4383 896 4429 ile
914 4382 1041 4445 Epistolis.
