3114 5130
809 468 850 526 34

290 640 416 693 tantum
441 634 528 696 Plinii
552 635 648 696 libros
673 638 799 699 videtur
822 641 1001 717 agnovisse.
1024 639 1125 714 Nam,
1148 648 1182 699 ut
1196 637 1365 699 hocomit-

291 769 357 819 tam
377 761 581 841 antiquarum
599 765 775 824 litterarum
797 785 860 824 non
874 766 917 825 ita
930 767 1067 846 peritum
1080 765 1174 825 fuisse
1186 764 1363 835 Sidonium,

292 896 326 946 ut
358 886 571 965 ignorantiam
605 892 701 951 talem
728 912 846 970 magno
871 912 967 972 opere
991 892 1198 974 miremur,¹)
1222 891 1366 952 facillime

291 1012 503 1092 intellegimus
526 1015 640 1076 librum
665 1017 751 1077 illum
776 1038 920 1078 seorsum
944 1018 1065 1079 editum
1087 1017 1215 1098 proprio
1235 1038 1366 1097 quoque

290 1140 383 1200 titulo
414 1142 512 1220 vulgo
536 1144 721 1223 insignitum
746 1144 856 1215 fuisse,
884 1146 928 1206 ita
954 1157 988 1207 ut
1013 1159 1129 1206 novem
1154 1145 1362 1226 epistularum

290 1267 358 1327 libri
383 1268 435 1348 (ad
460 1268 639 1350 familiares)
664 1281 695 1331 et
719 1282 884 1351 praetcrea
908 1271 1118 1352 epistularum⁴
1135 1272 1176 1332 ad
1189 1250 1363 1351 Trajanum

290 1394 367 1454 liber
398 1415 479 1455 unus
510 1395 677 1474 legeretur.
710 1399 758 1458 lta
790 1397 877 1458 lacile
909 1418 1038 1478 quoque
1072 1398 1281 1478 intellegitur,
1311 1401 1365 1479 qui

290 1519 408 1581 lactum
439 1522 479 1583 sit
504 1531 538 1582 ut
563 1543 644 1582 unus
669 1533 795 1584 tantum
820 1524 962 1584 eiusdem
987 1511 1117 1594 decimi,
1143 1525 1196 1603 qui
1221 1535 1364 1594 vocatur,

290 1646 358 1707 libri
382 1648 486 1708 codex
511 1650 745 1730 manuscriptus
769 1659 915 1710 servatus
940 1650 988 1710 sit.
1014 1649 1086 1710 Hae
1106 1651 1190 1709 enim
1211 1650 1365 1730 epistulae

291 1794 364 1834 cum
400 1776 514 1835 saeculi
550 1775 596 1837 IV
620 1785 659 1836 et
681 1776 713 1837 V
744 1776 898 1836 lectorum
928 1776 1042 1855 palatis
1077 1776 1180 1835 minus
1204 1774 1365 1855 placerent

292 1921 396 1982 neque
424 1901 522 1980 vulgo
546 1904 626 1963 tanti
650 1923 719 1962 esse
743 1903 941 1972 viderentur,
967 1902 1062 1981 longe
1086 1903 1185 1962 rarius
1209 1895 1365 1962 describe-

292 2029 425 2103 bantur,
447 2030 629 2108 sensimque
649 2031 679 2088 in
693 2028 890 2088 oblivionem
903 2028 1058 2088 abierunt.
1072 2027 1180 2108 Quare
1193 2028 1365 2088 rectissime

291 2154 362 2214 lecit
385 2152 467 2228 Keil,
491 2155 546 2234 qui
569 2155 690 2234 primns
714 2154 828 2214 librum
853 2155 981 2234 proprio
1004 2155 1097 2215 titulo
1121 2154 1274 2215 distinxit.

335 2280 461 2341 Dixerit
483 2281 641 2360 quispiam
665 2279 874 2341 haecomnia
899 2281 929 2341 id
948 2291 1075 2342 tantum
1099 2282 1196 2342 uideri
1220 2282 1365 2362 probare,

290 2406 405 2467 librum
429 2407 557 2486 dequo
580 2406 706 2485 agimus
731 2407 876 2468 extitisse
898 2407 1025 2467 saeculo
1049 2407 1112 2468 XV
1136 2419 1292 2482 exeunte,
1317 2408 1366 2467 vel

291 2534 387 2594 etiam
411 2532 499 2593 initio
522 2533 637 2623 saeculi
662 2532 705 2592 lll
732 2543 805 2613 post
826 2531 989 2594 Christum
1012 2544 1134 2604 natum,
1154 2553 1227 2593 cum
1241 2532 1366 2594 Tertul-

231 2709 232 2713 ,
290 2660 393 2719 lianus
417 2658 669 2739 Apologeticum
690 2658 850 2719 scriberet.
866 2659 1012 2719 Forsitan
1026 2658 1167 2719 falsarius
1181 2659 1309 2739 quidam
1327 2693 1363 2702 -

292 2783 491 2846 Christianus
507 2785 654 2844 nimirum
682 2823 685 2828 -
723 2804 761 2844 eo
775 2786 977 2865 potissimum
991 2784 1120 2845 consilio
1134 2795 1239 2846 totum
1251 2786 1366 2846 librum

292 2911 499 2981 confinxerit,
533 2921 567 2971 ut
598 2911 638 2969 illi
670 2910 867 2971 luculentum
897 2911 984 2971 Plinii
1007 2912 1047 2971 de
1071 2911 1257 2974 Christianis
1281 2914 1368 2974 testi-

293 3037 436 3096 monium
479 3037 646 3109 insereret;
690 3037 799 3116 quidni
843 3038 947 3116 ipsum
984 3037 1215 3099 Tertullianum
1251 3038 1367 3100 fraudis

293 3162 423 3223 huiusce
446 3181 535 3222 reum
559 3162 773 3242 peragamus?

340 3291 395 3351 nd
430 3289 509 3350 haec
541 3289 617 3368 quid
641 3290 869 3370 respondeam,
894 3290 1028 3351 dubium
1052 3292 1194 3372 profecto
1218 3309 1280 3353 non
1306 3302 1365 3353 est.

294 3417 438 3496 Etenim,
477 3425 510 3475 ut
546 3436 585 3475 ne
608 3416 712 3477 dicam
743 3417 798 3476 vix
824 3416 921 3477 ullum
946 3420 1151 3498 antiquorum
1175 3421 1365 3499 scriptorum

292 3540 407 3604 librmn
443 3544 589 3617 inveniri,
624 3563 721 3623 quem
753 3543 806 3603 tali
837 3544 959 3604 ratione
992 3580 1027 3589 --
1063 3545 1201 3607 absurda
1224 3566 1301 3606 sane
1323 3582 1366 3590 —

292 3673 482 3750 impugnare
507 3689 569 3729 non
594 3670 712 3749 possis,
738 3668 827 3729 facile
850 3670 988 3730 cernitur
1010 3681 1091 3750 quot
1112 3672 1305 3750 quantisque
1321 3672 1366 3730 in-

291 3795 470 3875 commodis
493 3795 601 3874 opinio
627 3794 697 3856 talis
720 3793 852 3855 laboret.

338 3919 512 4000 Quomodo
537 3920 621 3979 enim
645 3917 787 3978 falsarius
810 3919 859 3977 vel
881 3920 910 3978 in
932 3920 1074 3980 animum
1095 3920 1243 3981 inducere
1262 3923 1367 4001 potuit

293 4048 452 4123 integrum
484 4045 639 4105 notissimi
672 4042 833 4125 scriptoris
862 4044 975 4105 librum
1001 4043 1199 4123 confingere,
1224 4055 1256 4105 et
1279 4046 1366 4106 illum

328 4244 348 4301 ¹)
369 4243 489 4305 Majorem
510 4244 616 4290 l'linimu
637 4245 741 4291 ommno
759 4261 809 4291 non
829 4246 898 4291 novit
917 4244 1035 4291 Sidonius
1053 4247 1098 4291 uisi
1115 4262 1144 4292 ex
1163 4247 1275 4308 epistulis
1296 4249 1368 4295 l'linii

289 4322 412 4381 junioris,
431 4338 507 4385 quare
526 4339 582 4368 emn
602 4324 700 4370 nonnisi
718 4325 903 4382 „avirneulnm”
924 4324 1044 4373 nominat.
1138 4322 1143 4334 ‘
