3114 5130
694 444 824 534 '26

265 673 371 725 aetate
394 665 424 724 in
449 663 557 724 Africa
582 673 675 724 notas
699 664 797 743 vulgo
822 664 916 724 luisse
940 664 1025 724 Plinii
1049 665 1089 724 ad
1109 665 1339 744 Imperatorem

265 789 416 870 epistulas
450 811 568 870 easque
599 789 730 870 proinde
754 790 882 850 saeculo
907 790 970 850 XV
996 810 1058 849 non
1083 811 1152 850 esse
1176 787 1337 850 confictas.
1381 860 1383 863 ι

265 915 416 978 Ceterum
441 916 490 977 hic
510 916 697 978 Tertulliani
712 926 837 978 tantum
851 917 949 976 verba
962 936 1035 978 cum
1048 916 1135 977 Plinii
1148 916 1340 995 Trajanique

266 1042 408 1123 epistulis
439 1043 554 1104 collata
584 1063 765 1124 apponam,
791 1047 830 1103 n'e
853 1052 962 1105 tantae
985 1044 1183 1105 auctoritatis
1206 1043 1341 1123 scriptor

265 1169 374 1230 debito
397 1168 467 1231 loco
490 1170 658 1230 desiderari
680 1169 787 1230 videat

239 1295 268 1356 T
270 1295 517 1376 ertull.Apol.C
539 1312 556 1356 2
578 1295 777 1359 EdOchler.

284 1409 438 1470 Plinius..
457 1458 462 1470 .
495 1408 680 1484 Secundus,
704 1429 778 1470 cum

241 1523 438 1584 Provinciam
464 1532 597 1603 regeret,
618 1523 778 1583 damnatis

182 1707 184 1712 ,
240 1636 432 1718 quibusdam
443 1636 638 1711 Christianis,
649 1635 779 1715 quibus-

241 1751 316 1812 dam
340 1752 442 1831 gradu
461 1750 575 1831 pulsis,
590 1751 658 1830 ipsa
670 1760 778 1811 tamen

242 1863 445 1925 multitudine
464 1862 687 1944 perturbatus,
702 1863 778 1943 quid

241 1979 280 2038 de
319 1988 425 2038 cetero
460 1989 586 2057 ageret,
621 1977 779 2039 consuluit

241 2101 319 2152 tunc
341 2090 516 2170 Trajanum
541 2091 777 2170 imperatorem,

241 2204 383 2283 allegans
395 2213 522 2285 praeter
530 2204 777 2266 obstinationem

243 2340 307 2380 non
330 2318 527 2381 sacrificandi
551 2317 627 2379 nihil
648 2317 732 2379 aliud
745 2340 779 2379 se

242 2432 282 2493 de
312 2432 519 2493 sacramentis
549 2450 660 2492 eorum
691 2452 779 2493 com·

242 2546 375 2626 perisse,
402 2565 500 2626 quam
521 2554 633 2606 coetus
656 2545 778 2607 aritelu-

240 2680 338 2720 canos
362 2659 402 2719 ad
414 2658 593 2719 canendum
607 2657 734 2720 Christo
746 2667 778 2719 et

241 2773 330 2851 De0,
362 2782 394 2834 et
424 2772 464 2833 ad
488 2771 776 2833 confoederandam

240 2883 778 2966 disciplinam:homicidium,adul-

243 2999 373 3073 terium,
394 2997 553 3072 fraudem,
569 2997 733 3079 perfidiam
746 3009 778 3060 et

242 3122 349 3173 cetera
372 3110 490 3171 scelera
509 3110 724 3190 prohibentes.
764 3125 768 3132 '

286 4013 378 4074 Tunc
413 4014 570 4093 Trajanus
605 4016 779 4094 rescripsit,

242 4128 303 4188 hoc
345 4148 447 4206 genus
478 4127 681 4209 inquirendos
718 4147 780 4187 non

790 1190 834 1231 ur.

881 1296 946 1357 Plin
972 1297 1032 1378 Ep.
1057 1297 1109 1376 96.
1135 1297 1195 1358 Ed.
1221 1296 1302 1358 Keil.

870 1411 1067 1490 Interrogavi
1087 1412 1189 1491 ipsos,
1204 1431 1245 1471 an
1258 1420 1364 1472 essent

826 1522 1004 1586 Christiani.
1030 1524 1228 1586 Confitentes
1248 1525 1362 1585 iterum

826 1657 863 1698 ac
893 1638 987 1699 tertio
1011 1638 1219 1717 interrogavi,
1245 1636 1364 1717 suppli-

826 1751 910 1811 cium
943 1752 1098 1826 minatus,
1123 1760 1364 1830 perseverantes

826 1864 897 1924 duci
916 1863 1005 1942 jussi.
1029 1863 1143 1943 Neque
1167 1864 1251 1924 enim
1273 1862 1364 1923 dnbi-

826 1978 953 2054 tabam,
1000 1977 1234 2058 qualecumque
1280 1985 1363 2038 esset

826 2091 913 2171 quod
937 2090 1126 2166 faterentur,
1152 2091 1363 2171 pervicaciam

825 2214 912 2265 certe
936 2214 968 2265 et
992 2203 1199 2265 inflexibilem
1222 2204 1364 2266 obstina-

827 2318 947 2379 tionem
971 2317 1087 2378 debere
1111 2317 1234 2398 puniri.
1252 2367 1256 2379 .
1273 2365 1279 2377 .
1294 2317 1365 2378 Ad·

827 2431 999 2493 firmabant
1031 2441 1140 2493 autem
1164 2429 1247 2492 hanc
1269 2430 1365 2491 fuisse

826 2564 987 2604 summam
1012 2544 1061 2605 vel
1085 2544 1198 2624 culpae
1217 2565 1294 2605 suae
1314 2543 1364 2605 vel

826 2659 947 2738 erroris,
966 2658 1052 2737 quod
1065 2667 1171 2718 essent
1184 2656 1265 2717 soliti
1279 2666 1364 2718 stato

826 2771 876 2831 die
893 2748 968 2831 ante
981 2770 1084 2830 lucem
1097 2770 1283 2846 convenire,
1298 2791 1365 2832 car-

827 2904 965 2963 menque
999 2881 1126 2945 Christo
1160 2883 1251 2962 quasi
1293 2883 1365 2943 Deo

826 2997 929 3057 dicere
953 3016 1062 3057 secum
1087 2996 1239 3072 invicem,
1266 3017 1365 3076 seque

826 3119 1028 3170 sacramento
1052 3130 1115 3169 non
1140 3110 1170 3169 in
1195 3110 1365 3170 scelusali-

801 3208 804 3333 ἶ
827 3224 914 3304 quod
926 3223 1135 3303 obstringere,
1150 3223 1206 3284 sed
1220 3244 1258 3284 ne
1271 3222 1362 3297 furta,

802 3336 866 3409 {ne
907 3336 1086 3411 latrocinia,
1130 3357 1170 3396 ne
1212 3335 1366 3397 adulteria

802 3434 804 3537 l
827 3450 1080 3524 committerent,
1119 3470 1157 3509 ne
1181 3448 1364 3530 depositum

802 3548 804 3655 ξ
827 3562 978 3644 appellati
1013 3562 1264 3641 abnegarent...
1286 3562 1364 3623 Visa

802 3666 876 3738 'est
900 3677 984 3736 enim
1008 3673 1084 3735 mihi
1109 3695 1157 3735 res
1180 3674 1278 3755 digna
1290 3694 1365 3735 con-

827 3789 1015 3862 sultatione,
1057 3787 1199 3848 maxime
1233 3797 1365 3868 propter

827 3901 1073 3982 periclitantium
1100 3921 1286 3961 numerum.
1299 3946 1306 3961 .
1318 3947 1324 3960 .
1335 3898 1364 3961 .''

857 4013 984 4092 Trajan.
1009 4013 1069 4094 Ep.
1096 4028 1147 4094 97.
1174 4013 1233 4074 Ed.
1259 4012 1341 4073 Keil.

875 4176 881 4189 .
897 4175 902 4186 .
919 4175 925 4188 .
941 4175 947 4189 .
969 4126 1183 4207 Conquirendi
1198 4147 1260 4186 non
1273 4135 1364 4186 sunt:

242 4262 328 4316 esse,
381 4242 507 4303 oblatos
559 4262 635 4302 vero
680 4241 782 4320 puniri
829 4243 853 4301 si
889 4242 1070 4303 deferantur
1104 4253 1136 4303 et
1171 4250 1365 4321 arguantur,

248 4366 406 4437 oportere.

830 4355 980 4436 puniendi
1004 4365 1078 4415 sunt
1092 4401 1098 4415 .
1114 4401 1120 4414 .
1136 4401 1143 4415 .
1159 4399 1164 4414 .
