3114 5130
726 495 768 563 97

208 667 293 730 hunc
316 667 508 750 locupletem
533 679 698 731 auctorem
723 691 793 731 esse
818 680 933 751 negat:
958 672 1072 750 „Vixit
1091 670 1150 747 ille,
1173 671 1285 753 inquit,

207 798 263 857 vix
296 806 426 858 centurn
461 798 552 857 annis
587 808 662 878 post
695 797 847 874 Plinium,
881 799 924 860 ita
956 809 992 860 ut
1023 819 1063 860 ne
1086 801 1116 859 in
1142 800 1285 861 animum

205 924 335 1004 quidem
366 924 438 1004 quis
469 925 569 1004 possit
600 924 748 985 inducere
774 925 943 1005 epistulam
969 926 1034 1004 jam
1067 947 1105 986 co
1139 937 1286 1008 ternpore

206 1051 300 1111 luisse
329 1049 568 1131 suppositam,''
593 1052 649 1112 sed
672 1050 736 1112 hoc
759 1053 923 1113 contendit
947 1054 978 1113 in
1002 1053 1073 1114 loco
1098 1054 1285 1116 Tertulliani

205 1200 224 1238 a
249 1177 356 1239 multis
379 1177 528 1256 laudat0,
553 1177 641 1238 Plinii
661 1179 790 1257 quidem
812 1179 982 1259 epistulam
995 1190 1106 1260 aperte
1119 1182 1284 1257 contineri,

205 1325 269 1365 non
304 1325 381 1365 vero
415 1303 544 1383 Trajani
577 1325 767 1385 responsum
799 1305 893 1386 quale
924 1305 1019 1367 hodic
1051 1306 1204 1386 legimus,
1228 1307 1284 1368 sed

205 1432 336 1492 omnino
359 1431 532 1492 diversum.
561 1428 563 1433 ’

248 1558 378 1620 Etenim
413 1556 492 1619 haec
526 1567 601 1619 sunt
632 1558 731 1619 verba
761 1558 906 1638 Trajani:
935 1560 1083 1637 „Actum
1106 1580 1204 1640 quem
1228 1561 1283 1622 de-

204 1685 317 1760 buisti,
346 1686 388 1745 mi
419 1682 586 1746 Secunde.
604 1732 611 1743 .
627 1731 653 1744 ..
680 1695 809 1746 secutus
833 1706 954 1747 es...
983 1683 1201 1766 Conquirendi
1222 1707 1283 1748 non

203 1820 287 1887 staret,
296 1809 525 1889 sz'deferantur
533 1810 1015 1902 etarguanturpuniendi'srmt,
1025 1815 1069 1875 ita
1078 1824 1187 1876 tamen
1197 1813 1280 1877 etc.''

247 1939 319 2017 Jam
346 1937 514 1998 audiamus
544 1936 793 1999 Tertullianum:
823 1938 962 2017 „Plinius
985 1941 1070 2001 enirn
1096 1940 1280 2022 Secundus,

202 2085 276 2125 curn
310 2064 507 2146 provinciam
542 2074 771 2143 regeret,....
809 2066 968 2127 consuluit
1005 2065 1181 2145 Trajanum
1219 2069 1282 2127 lm-

203 2185 394 2269 peratorem'
419 2190 472 2270 (de
507 2189 707 2272 Christianis)
722 2239 727 2251 .
827 2192 920 2253 Tunc
942 2192 1099 2272 Trajanus
1123 2195 1282 2275 rescripsit

203 2316 259 2376 lwc
287 2335 392 2396 genus
423 2315 631 2395 inquirendos
662 2314 790 2395 quidem
815 2336 875 2377 non
897 2336 963 2377 esse
986 2316 1105 2390 oblatos
1127 2339 1202 2380 vero
1216 2329 1280 2398 pu-

201 2443 275 2504 m’ri
300 2441 475 2523 (porterefl
496 2421 523 2525 l)

245 2571 331 2652 Quid
356 2591 433 2651 ergo
457 2570 623 2632 contendit
646 2569 837 2649 Ussingius?
861 2569 1042 2650 Epistulam
1056 2572 1143 2633 Plinii
1156 2573 1186 2632 in
1199 2572 1278 2634 Ter-

200 2697 321 2758 tulliani
353 2697 458 2758 verbis
492 2694 590 2782 (quae
621 2716 718 2776 supra
750 2693 916 2780 descripsi)
946 2697 1038 2778 plene
1062 2708 1094 2760 et
1117 2699 1211 2779 plane
1234 2701 1278 2760 ait

200 2824 366 2900 contineri,
387 2843 462 2885 cum
483 2843 545 2883 non
567 2843 648 2903 opus
668 2831 752 2883 esset
764 2822 849 2883 illam
863 2822 926 2901 „ad
938 2821 1098 2884 litteram’'
1113 2834 1149 2886 ut
1160 2835 1277 2887 vocant

199 2951 386 3013 adscribere.
422 2949 572 3030 „Trajani
607 2969 683 3009 vcro
715 2969 921 3030 responsum,
952 2949 1027 3028 ipsis
1051 2949 1156 3010 verbis
1180 2952 1277 3012 citare

198 3080 301 3159 inquit
323 3098 425 3160 paene
449 3096 578 3137 necesse
597 3073 696 3138 erat''.
723 3076 795 3137 Hoc
816 3097 893 3157 ergo
914 3086 946 3138 et
965 3076 1037 3139 fecit
1049 3077 1274 3140 Tertullianus

198 3205 307 3286 Quare
319 3190 561 3285 'Imperatorem
582 3204 743 3283 scripsisse
755 3202 894 3264 affirmat
906 3203 1044 3283 Ussing:
1059 3202 1100 3264 in
1109 3225 1129 3283 q
1138 3223 1159 3264 u
1170 3203 1184 3264 i
1190 3223 1276 3265 ren-

198 3328 269 3390 dos
296 3349 356 3390 non
380 3348 463 3405 esse,
486 3327 648 3389 oblatos
671 3348 746 3389 vero
760 3327 886 3410 puniri
906 3328 1069 3407 interterd'
1095 3351 1159 3391 non
1182 3353 1276 3407 ver0,

199 3458 286 3519 utin
312 3457 447 3538 epistula
472 3457 624 3536 legimus:
650 3454 957 3534 „conquirendi
978 3476 1037 3517 non
1061 3466 1152 3534 sunt,
1178 3456 1276 3518 side-

139 3639 144 3648 ,
193 3584 398 3658 serantur
419 3591 451 3642 et
471 3590 675 3661 argzmntur,
697 3580 855 3659 puniendi
878 3579 985 3642 sunt.''

242 3708 315 3770 Hoc
337 3709 425 3783 inde,
450 3710 569 3788 inquit,
594 3707 819 3783 confirmatur,
844 3707 930 3788 quod
955 3728 1034 3769 mox
1057 3709 1272 3771 Tertullianus

195 3834 308 3894 cadem
342 3834 485 3914 rescripti
520 3835 618 3896 verba
654 3835 785 3915 repetit:
817 3832 872 3911 „Si
902 3834 1037 3896 damnas
1068 3856 1124 3897 cur
1149 3858 1213 3898 non
1237 3848 1270 3900 et

195 3959 363 4039 inquiris?
393 3959 426 4022 Si
459 3981 522 4022 non
554 3959 700 4040 inquiris
731 3980 787 4021 cur
820 3980 883 4020 non
907 3970 940 4022 et
962 3961 1143 4024 absolvis?.
1161 4009 1167 4023 .
1185 4009 1213 4026 ..
1238 3964 1274 4023 ln

194 4107 264 4147 reos
296 4087 471 4167 majestatis
502 4098 535 4150 et
565 4088 710 4169 publicos
742 4086 851 4149 hostes
866 4133 873 4147 .
888 4132 896 4148 .
911 4136 939 4149 ..
966 4088 1007 4149 ad
1029 4091 1196 4150 consocios
1222 4089 1271 4150 in-
1327 4094 1333 4102 ’

231 4360 250 4416 ¹)
271 4361 347 4422 Apol.
366 4378 386 4410 c.
405 4374 427 4410 2.
