<?xml version="1.0" encoding="UTF-8"?>
<!DOCTYPE html PUBLIC "-//W3C//DTD XHTML 1.0 Transitional//EN"
    "http://www.w3.org/TR/xhtml1/DTD/xhtml1-transitional.dtd">
<html xmlns="http://www.w3.org/1999/xhtml" xml:lang="en" lang="en">
 <head>
  <title>
</title>
<meta http-equiv="Content-Type" content="text/html;charset=utf-8" />
  <meta name='ocr-system' content='tesseract 3.04.00' />
  <meta name='ocr-capabilities' content='ocr_page ocr_carea ocr_par ocr_line ocrx_word'/>
</head>
<body>
  <div class='ocr_page' id='page_1' title='image "./decpliniicaecil00plingoog_0046.png"; bbox 0 0 3114 5130; ppageno 0'>
   <div class='ocr_carea' id='block_1_1' title="bbox 723 488 761 549">
    <p class='ocr_par' dir='ltr' id='par_1_1' title="bbox 723 488 761 549">
     <span class='ocr_line' id='line_1_1' title="bbox 723 488 761 549; baseline 0 0"><span class='ocrx_word' id='word_1_1' title='bbox 723 488 761 549; x_wconf 86' lang='lat'>33</span> 
     </span>
    </p>
   </div>
   <div class='ocr_carea' id='block_1_2' title="bbox 200 652 1284 3400">
    <p class='ocr_par' dir='ltr' id='par_1_2' title="bbox 202 652 1284 2006">
     <span class='ocr_line' id='line_1_2' title="bbox 203 652 1276 737; baseline 0.005 -26"><span class='ocrx_word' id='word_1_2' title='bbox 203 652 327 712; x_wconf 92' lang='lat' dir='ltr'>nandus</span> <span class='ocrx_word' id='word_1_3' title='bbox 362 664 410 714; x_wconf 89' lang='lat' dir='ltr'>est</span> <span class='ocrx_word' id='word_1_4' title='bbox 444 654 485 735; x_wconf 92' lang='lat' dir='ltr'>Q.</span> <span class='ocrx_word' id='word_1_5' title='bbox 524 655 676 716; x_wconf 84' lang='lat' dir='ltr'>Aurelius</span> <span class='ocrx_word' id='word_1_6' title='bbox 710 653 944 735; x_wconf 87' lang='lat' dir='ltr'>Symmachus,</span> <span class='ocrx_word' id='word_1_7' title='bbox 980 658 1034 736; x_wconf 88' lang='lat' dir='ltr'>qui</span> <span class='ocrx_word' id='word_1_8' title='bbox 1069 658 1138 737; x_wconf 92' lang='lat' dir='ltr'>pari</span> <span class='ocrx_word' id='word_1_9' title='bbox 1169 657 1276 717; x_wconf 90' lang='lat' dir='ltr'>studio</span> 
     </span>
     <span class='ocr_line' id='line_1_3' title="bbox 202 782 1284 864; baseline 0.004 -24"><span class='ocrx_word' id='word_1_10' title='bbox 202 782 351 861; x_wconf 86' lang='lat' dir='ltr'>antiquas</span> <span class='ocrx_word' id='word_1_11' title='bbox 373 782 493 843; x_wconf 82' lang='lat' dir='ltr'>litteras</span> <span class='ocrx_word' id='word_1_12' title='bbox 517 794 549 844; x_wconf 90' lang='lat' dir='ltr'>et</span> <span class='ocrx_word' id='word_1_13' title='bbox 572 785 738 863; x_wconf 90' lang='lat' dir='ltr'>antiquam</span> <span class='ocrx_word' id='word_1_14' title='bbox 759 785 943 864; x_wconf 85' lang='lat' dir='ltr'>religionem</span> <span class='ocrx_word' id='word_1_15' title='bbox 964 785 1022 845; x_wconf 87' lang='lat' dir='ltr'>sibi</span> <span class='ocrx_word' id='word_1_16' title='bbox 1043 786 1196 846; x_wconf 89' lang='lat' dir='ltr'>tuendam</span> <span class='ocrx_word' id='word_1_17' title='bbox 1210 785 1284 844; x_wconf 77' lang='lat' dir='ltr'>exi-&#39;</span> 
     </span>
     <span class='ocr_line' id='line_1_4' title="bbox 202 909 1275 993; baseline 0.003 -27"><span class='ocrx_word' id='word_1_18' title='bbox 202 909 365 971; x_wconf 90' lang='lat' dir='ltr'>stimabat.</span> <span class='ocrx_word' id='word_1_19' title='bbox 404 911 467 993; x_wconf 91' lang='lat' dir='ltr'>Qui</span> <span class='ocrx_word' id='word_1_20' title='bbox 501 912 548 972; x_wconf 87' lang='lat' dir='ltr'>vir</span> <span class='ocrx_word' id='word_1_21' title='bbox 582 912 625 972; x_wconf 95' lang='lat' dir='ltr'>ob</span> <span class='ocrx_word' id='word_1_22' title='bbox 659 913 815 991; x_wconf 82' lang='lat' dir='ltr'>insignem</span> <span class='ocrx_word' id='word_1_23' title='bbox 847 913 1025 974; x_wconf 81' lang='lat' dir='ltr'>doctrinam</span> <span class='ocrx_word' id='word_1_24' title='bbox 1057 921 1089 973; x_wconf 91' lang='lat' dir='ltr'>et</span> <span class='ocrx_word' id='word_1_25' title='bbox 1112 911 1275 990; x_wconf 82' lang='lat' dir='ltr'>ingenium</span> 
     </span>
     <span class='ocr_line' id='line_1_5' title="bbox 202 1034 1279 1116; baseline 0.004 -22"><span class='ocrx_word' id='word_1_26' title='bbox 202 1034 318 1096; x_wconf 88' lang='lat' dir='ltr'>subtile</span> <span class='ocrx_word' id='word_1_27' title='bbox 349 1037 460 1116; x_wconf 88' lang='lat' dir='ltr'>quanti</span> <span class='ocrx_word' id='word_1_28' title='bbox 487 1037 537 1097; x_wconf 89' lang='lat' dir='ltr'>vel</span> <span class='ocrx_word' id='word_1_29' title='bbox 560 1038 602 1099; x_wconf 92' lang='lat' dir='ltr'>ab</span> <span class='ocrx_word' id='word_1_30' title='bbox 625 1039 812 1100; x_wconf 87' lang='lat' dir='ltr'>adversariis</span> <span class='ocrx_word' id='word_1_31' title='bbox 836 1041 900 1100; x_wconf 92' lang='lat' dir='ltr'>suis</span> <span class='ocrx_word' id='word_1_32' title='bbox 925 1040 1026 1101; x_wconf 91' lang='lat' dir='ltr'>sactus</span> <span class='ocrx_word' id='word_1_33' title='bbox 1049 1041 1105 1113; x_wconf 90' lang='lat' dir='ltr'>sit,</span> <span class='ocrx_word' id='word_1_34' title='bbox 1130 1059 1172 1099; x_wconf 84' lang='lat' dir='ltr'>ex</span> <span class='ocrx_word' id='word_1_35' title='bbox 1197 1038 1279 1111; x_wconf 89' lang='lat' dir='ltr'>mul-</span> 
     </span>
     <span class='ocr_line' id='line_1_6' title="bbox 203 1165 1278 1246; baseline 0.002 -24"><span class='ocrx_word' id='word_1_36' title='bbox 203 1173 309 1223; x_wconf 88' lang='lat' dir='ltr'>torum</span> <span class='ocrx_word' id='word_1_37' title='bbox 346 1165 535 1226; x_wconf 84' lang='lat' dir='ltr'>testimoniis</span> <span class='ocrx_word' id='word_1_38' title='bbox 566 1166 767 1245; x_wconf 88' lang='lat' dir='ltr'>intellegitur.</span> <span class='ocrx_word' id='word_1_39' title='bbox 786 1166 807 1246; x_wconf 86' lang='lat'>¹)</span> <span class='ocrx_word' id='word_1_40' title='bbox 839 1165 970 1246; x_wconf 86' lang='lat' dir='ltr'>Scripsit</span> <span class='ocrx_word' id='word_1_41' title='bbox 1003 1176 1111 1226; x_wconf 90' lang='lat' dir='ltr'>autem</span> <span class='ocrx_word' id='word_1_42' title='bbox 1136 1175 1168 1225; x_wconf 93' lang='lat' dir='ltr'>et</span> <span class='ocrx_word' id='word_1_43' title='bbox 1193 1166 1278 1245; x_wconf 92' lang='lat' dir='ltr'>ipse,</span> 
     </span>
     <span class='ocr_line' id='line_1_7' title="bbox 202 1291 1278 1373; baseline 0 -23"><span class='ocrx_word' id='word_1_44' title='bbox 202 1291 402 1370; x_wconf 89' lang='lat' dir='ltr'>temporibus</span> <span class='ocrx_word' id='word_1_45' title='bbox 425 1291 506 1353; x_wconf 83' lang='lat' dir='ltr'>sorte</span> <span class='ocrx_word' id='word_1_46' title='bbox 530 1312 651 1352; x_wconf 90' lang='lat' dir='ltr'>morem</span> <span class='ocrx_word' id='word_1_47' title='bbox 676 1311 790 1372; x_wconf 87' lang='lat' dir='ltr'>gerens</span> <span class='ocrx_word' id='word_1_48' title='bbox 814 1294 1022 1373; x_wconf 85' lang='lat' dir='ltr'>epistularum</span> <span class='ocrx_word' id='word_1_49' title='bbox 1046 1292 1159 1366; x_wconf 86' lang='lat' dir='ltr'>libros,</span> <span class='ocrx_word' id='word_1_50' title='bbox 1182 1292 1278 1371; x_wconf 90' lang='lat' dir='ltr'>(quos</span> 
     </span>
     <span class='ocr_line' id='line_1_8' title="bbox 202 1416 1277 1499; baseline 0.001 -23"><span class='ocrx_word' id='word_1_51' title='bbox 202 1416 284 1477; x_wconf 83' lang='lat' dir='ltr'>filius</span> <span class='ocrx_word' id='word_1_52' title='bbox 314 1418 439 1478; x_wconf 88' lang='lat' dir='ltr'>videtur</span> <span class='ocrx_word' id='word_1_53' title='bbox 469 1419 617 1499; x_wconf 89' lang='lat' dir='ltr'>edidisse)</span> <span class='ocrx_word' id='word_1_54' title='bbox 649 1429 681 1480; x_wconf 91' lang='lat' dir='ltr'>et</span> <span class='ocrx_word' id='word_1_55' title='bbox 709 1440 825 1479; x_wconf 88' lang='lat' dir='ltr'>novem</span> <span class='ocrx_word' id='word_1_56' title='bbox 856 1420 985 1499; x_wconf 90' lang='lat' dir='ltr'>quidem</span> <span class='ocrx_word' id='word_1_57' title='bbox 1025 1439 1153 1492; x_wconf 87' lang='lat' dir='ltr'>eorum,</span> <span class='ocrx_word' id='word_1_58' title='bbox 1195 1437 1277 1497; x_wconf 88' lang='lat' dir='ltr'>quos</span> 
     </span>
     <span class='ocr_line' id='line_1_9' title="bbox 202 1541 1276 1625; baseline -0.001 -22"><span class='ocrx_word' id='word_1_59' title='bbox 202 1543 241 1603; x_wconf 91' lang='lat' dir='ltr'>ad</span> <span class='ocrx_word' id='word_1_60' title='bbox 267 1545 385 1604; x_wconf 91' lang='lat' dir='ltr'>amicos</span> <span class='ocrx_word' id='word_1_61' title='bbox 411 1546 556 1619; x_wconf 86' lang='lat' dir='ltr'>miserat,</span> <span class='ocrx_word' id='word_1_62' title='bbox 580 1546 739 1606; x_wconf 88' lang='lat' dir='ltr'>decimum</span> <span class='ocrx_word' id='word_1_63' title='bbox 766 1545 948 1625; x_wconf 86' lang='lat' dir='ltr'>subjunxit,</span> <span class='ocrx_word' id='word_1_64' title='bbox 974 1566 1040 1625; x_wconf 91' lang='lat' dir='ltr'>quo</span> <span class='ocrx_word' id='word_1_65' title='bbox 1064 1541 1276 1622; x_wconf 75' lang='lat' dir='ltr'>„relationes”</span> 
     </span>
     <span class='ocr_line' id='line_1_10' title="bbox 202 1670 1277 1751; baseline -0.002 -21"><span class='ocrx_word' id='word_1_66' title='bbox 202 1671 300 1751; x_wconf 91' lang='lat' dir='ltr'>ipsius</span> <span class='ocrx_word' id='word_1_67' title='bbox 324 1672 364 1731; x_wconf 91' lang='lat' dir='ltr'>ad</span> <span class='ocrx_word' id='word_1_68' title='bbox 387 1671 625 1746; x_wconf 88' lang='lat' dir='ltr'>Theodosium,</span> <span class='ocrx_word' id='word_1_69' title='bbox 650 1672 848 1747; x_wconf 86' lang='lat' dir='ltr'>Honorium‚</span> <span class='ocrx_word' id='word_1_70' title='bbox 873 1672 1079 1744; x_wconf 86' lang='lat' dir='ltr'>Gratianum,</span> <span class='ocrx_word' id='word_1_71' title='bbox 1101 1670 1277 1731; x_wconf 87' lang='lat' dir='ltr'>Valentini-</span> 
     </span>
     <span class='ocr_line' id='line_1_11' title="bbox 202 1796 1277 1878; baseline -0.002 -20"><span class='ocrx_word' id='word_1_72' title='bbox 202 1819 298 1858; x_wconf 90' lang='lat' dir='ltr'>anum</span> <span class='ocrx_word' id='word_1_73' title='bbox 332 1797 474 1878; x_wconf 89' lang='lat' dir='ltr'>aliosque</span> <span class='ocrx_word' id='word_1_74' title='bbox 497 1800 710 1878; x_wconf 90' lang='lat' dir='ltr'>Imperatores</span> <span class='ocrx_word' id='word_1_75' title='bbox 734 1799 953 1871; x_wconf 87' lang='lat' dir='ltr'>continentur,</span> <span class='ocrx_word' id='word_1_76' title='bbox 979 1798 1094 1859; x_wconf 91' lang='lat' dir='ltr'>additis</span> <span class='ocrx_word' id='word_1_77' title='bbox 1118 1796 1277 1856; x_wconf 89' lang='lat' dir='ltr'>nonnullis</span> 
     </span>
     <span class='ocr_line' id='line_1_12' title="bbox 202 1925 757 2006; baseline 0.004 -22"><span class='ocrx_word' id='word_1_78' title='bbox 202 1925 407 2006; x_wconf 88' lang='lat' dir='ltr'>Imperatoris</span> <span class='ocrx_word' id='word_1_79' title='bbox 432 1926 565 1985; x_wconf 88' lang='lat' dir='ltr'>Honorii</span> <span class='ocrx_word' id='word_1_80' title='bbox 589 1926 757 2005; x_wconf 90' lang='lat' dir='ltr'>responsis.</span> 
     </span>
    </p>

    <p class='ocr_par' dir='ltr' id='par_1_3' title="bbox 201 2051 1277 2506">
     <span class='ocr_line' id='line_1_13' title="bbox 245 2051 1277 2113; baseline -0.002 -1"><span class='ocrx_word' id='word_1_81' title='bbox 245 2053 280 2113; x_wconf 89' lang='lat' dir='ltr'>ld</span> <span class='ocrx_word' id='word_1_82' title='bbox 312 2073 386 2112; x_wconf 88' lang='lat' dir='ltr'>eum</span> <span class='ocrx_word' id='word_1_83' title='bbox 421 2052 508 2112; x_wconf 91' lang='lat' dir='ltr'>Plinii</span> <span class='ocrx_word' id='word_1_84' title='bbox 545 2053 643 2112; x_wconf 90' lang='lat' dir='ltr'>nostri</span> <span class='ocrx_word' id='word_1_85' title='bbox 674 2052 947 2113; x_wconf 83' lang='lat' dir='ltr'>imitandistudio</span> <span class='ocrx_word' id='word_1_86' title='bbox 971 2052 1080 2112; x_wconf 85' lang='lat' dir='ltr'>fecisse</span> <span class='ocrx_word' id='word_1_87' title='bbox 1105 2051 1195 2110; x_wconf 89' lang='lat' dir='ltr'>multi</span> <span class='ocrx_word' id='word_1_88' title='bbox 1220 2052 1277 2111; x_wconf 83' lang='lat' dir='ltr'>uiri</span> 
     </span>
     <span class='ocr_line' id='line_1_14' title="bbox 201 2175 1277 2259; baseline -0.004 -20"><span class='ocrx_word' id='word_1_89' title='bbox 201 2180 287 2240; x_wconf 90' lang='lat' dir='ltr'>docti</span> <span class='ocrx_word' id='word_1_90' title='bbox 318 2181 521 2252; x_wconf 82' lang='lat' dir='ltr'>existimant,</span> <span class='ocrx_word' id='word_1_91' title='bbox 536 2176 560 2253; x_wconf 47' lang='grc' dir='ltr'>ᾖ)</span> <span class='ocrx_word' id='word_1_92' title='bbox 585 2198 688 2258; x_wconf 88' lang='lat' dir='ltr'>neque</span> <span class='ocrx_word' id='word_1_93' title='bbox 712 2178 752 2238; x_wconf 90' lang='lat' dir='ltr'>illi</span> <span class='ocrx_word' id='word_1_94' title='bbox 775 2179 906 2259; x_wconf 88' lang='lat' dir='ltr'>quidem</span> <span class='ocrx_word' id='word_1_95' title='bbox 931 2177 1041 2256; x_wconf 87' lang='lat' dir='ltr'>injuria</span> <span class='ocrx_word' id='word_1_96' title='bbox 1077 2175 1277 2237; x_wconf 86' lang='lat' dir='ltr'>Studiosissi·</span> 
     </span>
     <span class='ocr_line' id='line_1_15' title="bbox 202 2304 1277 2385; baseline -0.003 -20"><span class='ocrx_word' id='word_1_97' title='bbox 202 2325 290 2366; x_wconf 89' lang='lat' dir='ltr'>mum</span> <span class='ocrx_word' id='word_1_98' title='bbox 307 2305 428 2370; x_wconf 77' lang='lat' dir='ltr'>,saltem</span> <span class='ocrx_word' id='word_1_99' title='bbox 452 2307 556 2385; x_wconf 87' lang='lat' dir='ltr'>ipsum</span> <span class='ocrx_word' id='word_1_100' title='bbox 581 2305 675 2366; x_wconf 86' lang='lat' dir='ltr'>luisse</span> <span class='ocrx_word' id='word_1_101' title='bbox 699 2305 786 2365; x_wconf 90' lang='lat' dir='ltr'>Plinii</span> <span class='ocrx_word' id='word_1_102' title='bbox 808 2304 1277 2384; x_wconf 80' lang='lat' dir='ltr'>videtursignificasseMacro-</span> 
     </span>
     <span class='ocr_line' id='line_1_16' title="bbox 201 2430 682 2506; baseline -0.004 -13"><span class='ocrx_word' id='word_1_103' title='bbox 201 2432 288 2506; x_wconf 86' lang='lat' dir='ltr'>bius,</span> <span class='ocrx_word' id='word_1_104' title='bbox 313 2451 387 2492; x_wconf 91' lang='lat' dir='ltr'>cum</span> <span class='ocrx_word' id='word_1_105' title='bbox 411 2430 490 2492; x_wconf 90' lang='lat' dir='ltr'>haec</span> <span class='ocrx_word' id='word_1_106' title='bbox 514 2433 682 2492; x_wconf 90' lang='lat' dir='ltr'>scriberet:</span> 
     </span>
    </p>

    <p class='ocr_par' dir='ltr' id='par_1_4' title="bbox 200 2557 1277 3274">
     <span class='ocr_line' id='line_1_17' title="bbox 246 2557 1276 2640; baseline -0.003 -21"><span class='ocrx_word' id='word_1_107' title='bbox 246 2559 416 2640; x_wconf 86' lang='lat' dir='ltr'>„Quatuor</span> <span class='ocrx_word' id='word_1_108' title='bbox 438 2567 529 2633; x_wconf 88' lang='lat' dir='ltr'>sunt,</span> <span class='ocrx_word' id='word_1_109' title='bbox 557 2559 659 2639; x_wconf 91' lang='lat' dir='ltr'>inquit</span> <span class='ocrx_word' id='word_1_110' title='bbox 683 2558 859 2631; x_wconf 86' lang='lat' dir='ltr'>Eusebius,</span> <span class='ocrx_word' id='word_1_111' title='bbox 881 2577 999 2636; x_wconf 87' lang='lat' dir='ltr'>genera</span> <span class='ocrx_word' id='word_1_112' title='bbox 1011 2557 1135 2617; x_wconf 91' lang='lat' dir='ltr'>dicendi</span> <span class='ocrx_word' id='word_1_113' title='bbox 1148 2577 1154 2616; x_wconf 90' lang='lat'>:</span> <span class='ocrx_word' id='word_1_114' title='bbox 1167 2557 1276 2636; x_wconf 90' lang='lat' dir='ltr'>copio-</span> 
     </span>
     <span class='ocr_line' id='line_1_18' title="bbox 202 2662 1276 2768; baseline -0.005 -21"><span class='ocrx_word' id='word_1_115' title='bbox 202 2708 287 2760; x_wconf 90' lang='lat' dir='ltr'>sum,</span> <span class='ocrx_word' id='word_1_116' title='bbox 320 2689 350 2747; x_wconf 92' lang='lat' dir='ltr'>in</span> <span class='ocrx_word' id='word_1_117' title='bbox 376 2708 441 2768; x_wconf 91' lang='lat' dir='ltr'>quo</span> <span class='ocrx_word' id='word_1_118' title='bbox 465 2687 575 2749; x_wconf 90' lang='lat' dir='ltr'>Cicero</span> <span class='ocrx_word' id='word_1_119' title='bbox 600 2687 800 2763; x_wconf 74' lang='lat' dir='ltr'>dominatur,</span> <span class='ocrx_word' id='word_1_120' title='bbox 826 2684 939 2757; x_wconf 87' lang='lat' dir='ltr'>breve,</span> <span class='ocrx_word' id='word_1_121' title='bbox 965 2662 1000 2744; x_wconf 80' lang='lat' dir='ltr'>in¹</span> <span class='ocrx_word' id='word_1_122' title='bbox 1018 2682 1276 2764; x_wconf 81' lang='lat' dir='ltr'>quo&#39;Sallustius</span> 
     </span>
     <span class='ocr_line' id='line_1_19' title="bbox 201 2811 1277 2893; baseline -0.003 -21"><span class='ocrx_word' id='word_1_123' title='bbox 201 2824 330 2893; x_wconf 84' lang='lat' dir='ltr'>regnat;</span> <span class='ocrx_word' id='word_1_124' title='bbox 366 2815 502 2886; x_wconf 89' lang='lat' dir='ltr'>siccum,</span> <span class='ocrx_word' id='word_1_125' title='bbox 537 2813 624 2892; x_wconf 88' lang='lat' dir='ltr'>quod</span> <span class='ocrx_word' id='word_1_126' title='bbox 660 2812 814 2872; x_wconf 88' lang='lat' dir='ltr'>Frontoni</span> <span class='ocrx_word' id='word_1_127' title='bbox 849 2811 1054 2884; x_wconf 87' lang='lat' dir='ltr'>adscribitur;</span> <span class='ocrx_word' id='word_1_128' title='bbox 1091 2811 1210 2890; x_wconf 90' lang='lat' dir='ltr'>pingue</span> <span class='ocrx_word' id='word_1_129' title='bbox 1244 2819 1277 2870; x_wconf 87' lang='lat' dir='ltr'>et</span> 
     </span>
     <span class='ocr_line' id='line_1_20' title="bbox 201 2935 1275 3022; baseline -0.003 -23"><span class='ocrx_word' id='word_1_130' title='bbox 201 2939 347 3000; x_wconf 84' lang='lat' dir='ltr'>floridum</span> <span class='ocrx_word' id='word_1_131' title='bbox 372 2940 402 2998; x_wconf 91' lang='lat' dir='ltr'>in</span> <span class='ocrx_word' id='word_1_132' title='bbox 427 2959 492 3019; x_wconf 94' lang='lat' dir='ltr'>quo</span> <span class='ocrx_word' id='word_1_133' title='bbox 516 2938 631 2999; x_wconf 90' lang='lat' dir='ltr'>Plinius</span> <span class='ocrx_word' id='word_1_134' title='bbox 655 2937 821 3022; x_wconf 83' lang='lat' dir='ltr'>Secundus</span> <span class='ocrx_word' id='word_1_135' title='bbox 844 2937 1026 3018; x_wconf 88' lang='lat' dir='ltr'>quondam,</span> <span class='ocrx_word' id='word_1_136' title='bbox 1048 2946 1080 2997; x_wconf 92' lang='lat' dir='ltr'>et</span> <span class='ocrx_word' id='word_1_137' title='bbox 1093 2957 1177 2996; x_wconf 91' lang='lat' dir='ltr'>nunc</span> <span class='ocrx_word' id='word_1_138' title='bbox 1189 2935 1275 2996; x_wconf 92' lang='lat' dir='ltr'>nullo</span> 
     </span>
     <span class='ocr_line' id='line_1_21' title="bbox 200 3062 1275 3146; baseline -0.005 -18"><span class='ocrx_word' id='word_1_139' title='bbox 200 3078 345 3129; x_wconf 87' lang='lat' dir='ltr'>veterum</span> <span class='ocrx_word' id='word_1_140' title='bbox 376 3068 478 3127; x_wconf 91' lang='lat' dir='ltr'>minor</span> <span class='ocrx_word' id='word_1_141' title='bbox 502 3078 609 3126; x_wconf 90' lang='lat' dir='ltr'>noster</span> <span class='ocrx_word' id='word_1_142' title='bbox 631 3064 848 3145; x_wconf 87' lang='lat' dir='ltr'>Symmachus</span> <span class='ocrx_word' id='word_1_143' title='bbox 871 3063 1056 3144; x_wconf 85' lang='lat' dir='ltr'>gloriatur.”</span> <span class='ocrx_word' id='word_1_144' title='bbox 1070 3062 1098 3146; x_wconf 73' lang='grc'>3)</span> <span class='ocrx_word' id='word_1_145' title='bbox 1123 3065 1203 3124; x_wconf 92' lang='lat' dir='ltr'>Item</span> <span class='ocrx_word' id='word_1_146' title='bbox 1228 3062 1275 3124; x_wconf 87' lang='lat' dir='ltr'>Si-</span> 
     </span>
     <span class='ocr_line' id='line_1_22' title="bbox 200 3191 1274 3274; baseline -0.007 -19"><span class='ocrx_word' id='word_1_147' title='bbox 200 3195 314 3255; x_wconf 92' lang='lat' dir='ltr'>donius</span> <span class='ocrx_word' id='word_1_148' title='bbox 339 3192 535 3274; x_wconf 85' lang='lat' dir='ltr'>Apollinaris</span> <span class='ocrx_word' id='word_1_149' title='bbox 554 3191 787 3272; x_wconf 87' lang='lat' dir='ltr'>Symmachum</span> <span class='ocrx_word' id='word_1_150' title='bbox 809 3192 1008 3270; x_wconf 89' lang='lat' dir='ltr'>Pliniumque</span> <span class='ocrx_word' id='word_1_151' title='bbox 1032 3211 1094 3251; x_wconf 94' lang='lat' dir='ltr'>una</span> <span class='ocrx_word' id='word_1_152' title='bbox 1116 3192 1274 3250; x_wconf 90' lang='lat' dir='ltr'>nominat:</span> 
     </span>
    </p>

    <p class='ocr_par' dir='ltr' id='par_1_5' title="bbox 245 3316 1276 3400">
     <span class='ocr_line' id='line_1_23' title="bbox 245 3316 1276 3400; baseline -0.004 -20"><span class='ocrx_word' id='word_1_153' title='bbox 245 3319 454 3400; x_wconf 82' lang='lat' dir='ltr'>„Symmachi</span> <span class='ocrx_word' id='word_1_154' title='bbox 478 3320 726 3393; x_wconf 89' lang='lat' dir='ltr'>rotunditatem,</span> <span class='ocrx_word' id='word_1_155' title='bbox 753 3318 824 3379; x_wconf 89' lang='lat' dir='ltr'>Gaii</span> <span class='ocrx_word' id='word_1_156' title='bbox 848 3318 936 3378; x_wconf 91' lang='lat' dir='ltr'>Plinii</span> <span class='ocrx_word' id='word_1_157' title='bbox 960 3316 1157 3397; x_wconf 86' lang='lat' dir='ltr'>disciplinam</span> <span class='ocrx_word' id='word_1_158' title='bbox 1171 3327 1276 3377; x_wconf 89' lang='lat' dir='ltr'>matu-</span> 
     </span>
    </p>
   </div>
   <div class='ocr_carea' id='block_1_3' title="bbox 200 3442 1147 3528">
    <p class='ocr_par' dir='ltr' id='par_1_6' title="bbox 200 3442 1147 3528">
     <span class='ocr_line' id='line_1_24' title="bbox 200 3442 1147 3528; baseline -0.008 -19"><span class='ocrx_word' id='word_1_159' title='bbox 200 3450 391 3528; x_wconf 91' lang='lat' dir='ltr'>ritatemque</span> <span class='ocrx_word' id='word_1_160' title='bbox 414 3448 555 3526; x_wconf 86' lang='lat' dir='ltr'>vestigiis</span> <span class='ocrx_word' id='word_1_161' title='bbox 578 3446 853 3525; x_wconf 85' lang='lat' dir='ltr'>praesumptuosis</span> <span class='ocrx_word' id='word_1_162' title='bbox 877 3442 1108 3505; x_wconf 89' lang='lat' dir='ltr'>insecuturus.&#39;&#39;</span> <span class='ocrx_word' id='word_1_163' title='bbox 1122 3442 1147 3522; x_wconf 72' lang='grc'>4)</span> 
     </span>
    </p>
   </div>
   <div class='ocr_carea' id='block_1_4' title="bbox 245 3557 1275 3658">
    <p class='ocr_par' dir='ltr' id='par_1_7' title="bbox 245 3557 1275 3658">
     <span class='ocr_line' id='line_1_25' title="bbox 245 3557 1275 3658; baseline -0.007 -22"><span class='ocrx_word' id='word_1_164' title='bbox 245 3575 330 3658; x_wconf 85' lang='lat' dir='ltr'>Quid</span> <span class='ocrx_word' id='word_1_165' title='bbox 355 3577 470 3635; x_wconf 90' lang='lat' dir='ltr'>mirum</span> <span class='ocrx_word' id='word_1_166' title='bbox 494 3575 606 3653; x_wconf 87' lang='lat' dir='ltr'>igitur,</span> <span class='ocrx_word' id='word_1_167' title='bbox 632 3592 705 3632; x_wconf 87' lang='lat' dir='ltr'>eum</span> <span class='ocrx_word' id='word_1_168' title='bbox 730 3581 762 3631; x_wconf 90' lang='lat' dir='ltr'>et</span> <span class='ocrx_word' id='word_1_169' title='bbox 787 3572 815 3630; x_wconf 90' lang='lat' dir='ltr'>in</span> <span class='ocrx_word' id='word_1_170' title='bbox 842 3570 994 3631; x_wconf 92' lang='lat' dir='ltr'>librorum</span> <span class='ocrx_word' id='word_1_171' title='bbox 1015 3589 1148 3630; x_wconf 89' lang='lat' dir='ltr'>numero</span> <span class='ocrx_word' id='word_1_172' title='bbox 1164 3557 1275 3629; x_wconf 76' lang='lat' dir='ltr'>¹etdis-</span> 
     </span>
    </p>
   </div>
   <div class='ocr_carea' id='block_1_5' title="bbox 201 3695 1274 3784">
    <p class='ocr_par' dir='ltr' id='par_1_8' title="bbox 201 3695 1274 3784">
     <span class='ocr_line' id='line_1_26' title="bbox 201 3695 1274 3784; baseline -0.007 -20"><span class='ocrx_word' id='word_1_173' title='bbox 201 3704 359 3784; x_wconf 88' lang='lat' dir='ltr'>positione</span> <span class='ocrx_word' id='word_1_174' title='bbox 383 3702 516 3762; x_wconf 91' lang='lat' dir='ltr'>Plinium</span> <span class='ocrx_word' id='word_1_175' title='bbox 540 3719 609 3759; x_wconf 88' lang='lat' dir='ltr'>esse</span> <span class='ocrx_word' id='word_1_176' title='bbox 634 3696 817 3758; x_wconf 89' lang='lat' dir='ltr'>imitatum?</span> <span class='ocrx_word' id='word_1_177' title='bbox 839 3697 954 3777; x_wconf 87' lang='lat' dir='ltr'>Neque</span> <span class='ocrx_word' id='word_1_178' title='bbox 967 3695 1042 3756; x_wconf 90' lang='lat' dir='ltr'>illud</span> <span class='ocrx_word' id='word_1_179' title='bbox 1054 3696 1173 3770; x_wconf 82' lang='lat' dir='ltr'>obstat,</span> <span class='ocrx_word' id='word_1_180' title='bbox 1186 3697 1274 3775; x_wconf 91' lang='lat' dir='ltr'>quod</span> 
     </span>
    </p>
   </div>
   <div class='ocr_carea' id='block_1_6' title="bbox 199 3822 1274 3908">
    <p class='ocr_par' dir='ltr' id='par_1_9' title="bbox 199 3822 1274 3908">
     <span class='ocr_line' id='line_1_27' title="bbox 199 3822 1274 3908; baseline -0.009 -17"><span class='ocrx_word' id='word_1_181' title='bbox 199 3828 348 3891; x_wconf 87' lang='lat' dir='ltr'>Sidonius</span> <span class='ocrx_word' id='word_1_182' title='bbox 380 3826 575 3908; x_wconf 84' lang='lat' dir='ltr'>Apollinaris</span> <span class='ocrx_word' id='word_1_183' title='bbox 606 3846 645 3884; x_wconf 93' lang='lat' dir='ltr'>eo</span> <span class='ocrx_word' id='word_1_184' title='bbox 670 3824 741 3884; x_wconf 91' lang='lat' dir='ltr'>loco</span> <span class='ocrx_word' id='word_1_185' title='bbox 764 3843 861 3903; x_wconf 89' lang='lat' dir='ltr'>quem</span> <span class='ocrx_word' id='word_1_186' title='bbox 887 3843 983 3901; x_wconf 89' lang='lat' dir='ltr'>supra</span> <span class='ocrx_word' id='word_1_187' title='bbox 1007 3822 1133 3882; x_wconf 83' lang='lat' dir='ltr'>laudavi</span> <span class='ocrx_word' id='word_1_188' title='bbox 1157 3842 1274 3882; x_wconf 77' lang='lat' dir='ltr'>novem</span> 
     </span>
    </p>
   </div>
   <div class='ocr_carea' id='block_1_7' title="bbox 200 4035 1272 4421">
    <p class='ocr_par' dir='ltr' id='par_1_10' title="bbox 235 4035 954 4101">
     <span class='ocr_line' id='line_1_28' title="bbox 235 4035 954 4101; baseline -0.01 -14"><span class='ocrx_word' id='word_1_189' title='bbox 235 4041 252 4095; x_wconf 88' lang='lat'>¹)</span> <span class='ocrx_word' id='word_1_190' title='bbox 270 4041 312 4089; x_wconf 85' lang='lat' dir='ltr'>clr.</span> <span class='ocrx_word' id='word_1_191' title='bbox 331 4041 417 4101; x_wconf 87' lang='lat' dir='ltr'>Migne</span> <span class='ocrx_word' id='word_1_192' title='bbox 432 4039 516 4086; x_wconf 85' lang='lat' dir='ltr'>Patrol</span> <span class='ocrx_word' id='word_1_193' title='bbox 544 4038 617 4084; x_wconf 86' lang='lat' dir='ltr'>Latin</span> <span class='ocrx_word' id='word_1_194' title='bbox 645 4035 718 4083; x_wconf 91' lang='lat' dir='ltr'>Tom.</span> <span class='ocrx_word' id='word_1_195' title='bbox 739 4035 768 4082; x_wconf 86' lang='lat'>18</span> <span class='ocrx_word' id='word_1_196' title='bbox 786 4036 832 4082; x_wconf 90' lang='lat' dir='ltr'>col.</span> <span class='ocrx_word' id='word_1_197' title='bbox 855 4047 900 4096; x_wconf 84' lang='lat'>143</span> <span class='ocrx_word' id='word_1_198' title='bbox 919 4051 954 4096; x_wconf 90' lang='lat' dir='ltr'>sq.</span> 
     </span>
    </p>

    <p class='ocr_par' dir='ltr' id='par_1_11' title="bbox 200 4112 1272 4248">
     <span class='ocr_line' id='line_1_29' title="bbox 235 4112 1272 4179; baseline -0.009 -12"><span class='ocrx_word' id='word_1_199' title='bbox 235 4118 313 4179; x_wconf 82' lang='lat' dir='ltr'>²Jcl1·.</span> <span class='ocrx_word' id='word_1_200' title='bbox 332 4119 454 4166; x_wconf 76' lang='lat' dir='ltr'>Schaedel</span> <span class='ocrx_word' id='word_1_201' title='bbox 473 4119 489 4165; x_wconf 94' lang='lat' dir='ltr'>ll</span> <span class='ocrx_word' id='word_1_202' title='bbox 517 4134 540 4179; x_wconf 88' lang='lat' dir='ltr'>p.</span> <span class='ocrx_word' id='word_1_203' title='bbox 560 4115 582 4164; x_wconf 89' lang='lat'>8.</span> <span class='ocrx_word' id='word_1_204' title='bbox 601 4116 700 4162; x_wconf 86' lang='lat' dir='ltr'>Fabric.</span> <span class='ocrx_word' id='word_1_205' title='bbox 719 4114 783 4164; x_wconf 83' lang='lat' dir='ltr'>Bibl.</span> <span class='ocrx_word' id='word_1_206' title='bbox 802 4115 857 4163; x_wconf 77' lang='lat' dir='ltr'>Lat.</span> <span class='ocrx_word' id='word_1_207' title='bbox 877 4114 932 4163; x_wconf 85' lang='lat' dir='ltr'>Lib.</span> <span class='ocrx_word' id='word_1_208' title='bbox 951 4114 976 4160; x_wconf 88' lang='lat' dir='ltr'>II</span> <span class='ocrx_word' id='word_1_209' title='bbox 995 4130 1015 4162; x_wconf 90' lang='lat' dir='ltr'>c.</span> <span class='ocrx_word' id='word_1_210' title='bbox 1026 4113 1102 4159; x_wconf 84' lang='lat' dir='ltr'>XXII</span> <span class='ocrx_word' id='word_1_211' title='bbox 1111 4112 1154 4161; x_wconf 86' lang='lat' dir='ltr'>cfr.</span> <span class='ocrx_word' id='word_1_212' title='bbox 1164 4112 1272 4174; x_wconf 84' lang='lat' dir='ltr'>Longol.</span> 
     </span>
     <span class='ocr_line' id='line_1_30' title="bbox 200 4198 426 4248; baseline 0.009 -2"><span class='ocrx_word' id='word_1_213' title='bbox 200 4201 240 4246; x_wconf 88' lang='lat' dir='ltr'>Ed</span> <span class='ocrx_word' id='word_1_214' title='bbox 266 4200 329 4246; x_wconf 88' lang='lat' dir='ltr'>Plin.</span> <span class='ocrx_word' id='word_1_215' title='bbox 348 4198 426 4248; x_wconf 80' lang='lat' dir='ltr'>Praei.</span> 
     </span>
    </p>

    <p class='ocr_par' dir='ltr' id='par_1_12' title="bbox 234 4277 542 4338">
     <span class='ocr_line' id='line_1_31' title="bbox 234 4277 542 4338; baseline -0.013 -12"><span class='ocrx_word' id='word_1_216' title='bbox 234 4277 252 4338; x_wconf 76' lang='grc'>3)</span> <span class='ocrx_word' id='word_1_217' title='bbox 271 4279 384 4326; x_wconf 87' lang='lat' dir='ltr'>Macrob.</span> <span class='ocrx_word' id='word_1_218' title='bbox 402 4277 454 4327; x_wconf 82' lang='lat' dir='ltr'>Sat.</span> <span class='ocrx_word' id='word_1_219' title='bbox 471 4278 502 4335; x_wconf 94' lang='lat' dir='ltr'>V,</span> <span class='ocrx_word' id='word_1_220' title='bbox 523 4289 542 4323; x_wconf 90' lang='lat'>1.</span> 
     </span>
    </p>

    <p class='ocr_par' dir='ltr' id='par_1_13' title="bbox 233 4355 565 4421">
     <span class='ocr_line' id='line_1_32' title="bbox 233 4355 565 4421; baseline -0.003 -16"><span class='ocrx_word' id='word_1_221' title='bbox 233 4357 254 4421; x_wconf 80' lang='lat'>⁴)</span> <span class='ocrx_word' id='word_1_222' title='bbox 274 4358 326 4408; x_wconf 83' lang='lat' dir='ltr'>Sid.</span> <span class='ocrx_word' id='word_1_223' title='bbox 344 4357 429 4420; x_wconf 87' lang='lat' dir='ltr'>Apoll.</span> <span class='ocrx_word' id='word_1_224' title='bbox 447 4358 492 4418; x_wconf 90' lang='lat' dir='ltr'>Ep.</span> <span class='ocrx_word' id='word_1_225' title='bbox 512 4355 525 4402; x_wconf 91' lang='grc' dir='ltr'>Ι</span> <span class='ocrx_word' id='word_1_226' title='bbox 545 4367 565 4404; x_wconf 83' lang='lat'>1.</span> 
     </span>
    </p>
   </div>
   <div class='ocr_carea' id='block_1_8' title="bbox 0 0 1562 5130">
    <p class='ocr_par' dir='ltr' id='par_1_14' title="bbox 0 0 1562 5130">
     <span class='ocr_line' id='line_1_33' title="bbox 0 0 1562 5130; baseline 0 1"><span class='ocrx_word' id='word_1_227' title='bbox 0 0 1562 5130; x_wconf 95' lang='lat' dir='ltr'> </span> 
     </span>
    </p>
   </div>
  </div>
 </body>
</html>
