3114 5130
744 499 803 546 120

278 675 350 754 Jam
375 674 454 736 alios
479 675 647 736 audiamus
670 674 823 735 editores:

279 799 324 861 H.
351 799 515 862 Aventius
607 800 681 882 (Ed.
698 802 808 881 princ.
835 803 948 883 1502):
973 823 1032 880 „ea
1056 803 1119 863 fide
1138 823 1235 883 quam
1256 802 1313 864 tibi

602 928 726 1006 „debeo
744 926 788 1011 ¹):
802 949 899 1009 quam
914 950 952 990 ea
964 951 1047 1010 quae
1060 941 1166 1011 speret
1180 931 1315 990 instruc-

602 1066 693 1133 „tum
717 1056 903 1117 commilitio
927 1067 1001 1125 tun,
1022 1059 1111 1118 cuius
1130 1057 1314 1137 disciplinae

600 1183 718 1259 „debet
741 1182 823 1245 cet.'’

280 1305 374 1370 Pnz'l.
388 1306 574 1370 Beroaldus
598 1312 697 1390 (1502
723 1310 777 1371 nel
801 1320 867 1388 pol.
900 1316 1011 1389 1503lt
1044 1331 1103 1387 „ea
1130 1309 1192 1370 fide
1215 1329 1313 1390 quam

602 1438 682 1514 „tibi
705 1438 809 1498 debeo
821 1435 850 1519 l)
877 1458 973 1518 quem
998 1438 1038 1498 ad
1060 1457 1193 1517 eaquae
1207 1446 1312 1517 speret

602 1564 813 1640 „instructum
846 1564 1034 1624 commilitio
1066 1573 1123 1624 tuo
1154 1563 1243 1623 cuius
1266 1563 1312 1623 di-

601 1691 773 1770 „sciplinae
796 1690 891 1750 debet
916 1688 998 1750 cet.”

281 1811 713 1897 [Μ.61111111111111Η1506)
747 1825 778 1876 et
807 1813 978 1886 Jmmzdns
1009 1813 1068 1901 (J)
1088 1814 1135 1900 ³):
1168 1837 1226 1893 „ea
1251 1815 1312 1878 fide

601 1963 698 2022 quam
724 1944 780 2004 tibi
804 1940 979 2027 debeo''.'⁶)

604 2065 761 2146 „Fabiam
791 2064 953 2128 Valentem
978 2069 1166 2129 instructum
1181 2068 1312 2128 commi-

603 2194 691 2271 „litio
716 2206 773 2255 tuo
796 2194 891 2254 valde
903 2193 1013 2274 proba,
1026 2196 1115 2256 cuius
1128 2194 1312 2274 disciplinae

601 2321 736 2397 „debet,
760 2319 843 2383 cet.”

604 2445 721 2530 (1508)
757 2468 816 2524 „ea
852 2447 915 2507 fide
946 2466 1044 2527 quam
1071 2445 1127 2507 tibi
1151 2443 1310 2528 debeo)

602 2594 721 2654 „quam
745 2574 873 2634 abunde
897 2595 952 2642 11,
972 2595 1055 2654 quae
1074 2583 1180 2653 speret
1191 2575 1311 2634 'instru-

602 2711 712 2777 „ctum
736 2702 922 2762 commilitio
947 2711 1003 2762 tuo
1027 2702 1116 2762 cuius
1129 2701 1311 2781 disciplinae

601 2827 719 2903 „debet
742 2825 824 2888 cet.''

282 2948 461 3013 Catonianae
484 2950 527 3010 ll
602 2954 718 3034 (1518)
742 2963 773 3013 et
796 2951 857 3011 [ll
878 2951 1009 3038 (1519):
1042 2974 1101 3031 „ea
1125 2952 1187 3014 fide
1211 2973 1308 3032 quam

606 3080 684 3155 „ubi
708 3079 827 3153 debeO‚
841 3081 867 3159 ⁰)
890 3100 987 3159 quem
1011 3080 1139 3141 abunde
1158 3081 1312 3161 conspexi

605 3206 817 3281 „instructum
842 3207 1028 3268 commilitio
1051 3215 1108 3267 tuo
1131 3216 1181 3267 cet
1196 3204 1213 3229 '³

280 3328 313 3390 Si
334 3331 430 3410 igitur
451 3330 518 3410 jam
543 3332 726 3410 quaerimus
746 3332 830 3392 unde
850 3332 1031 3393 Catanaeus
1045 3332 1181 3392 Fabium
1195 3331 1312 3392 Valen-

236 3468 302 3519 tem
328 3477 440 3533 suum,
468 3467 499 3519 ct
524 3458 730 3538 epistularum
756 3459 990 3520 distinctionem
1015 3459 1157 3530 duxerit,
1181 3456 1312 3537 hocpro

235 3593 328 3643 certo
353 3582 512 3643 affirmare
536 3584 638 3644 ausim
663 3605 700 3645 11
724 3606 765 3645 ex
790 3584 875 3645 nullo
898 3585 1008 3644 codice
1030 3604 1100 3644 esse
1119 3585 1310 3664 depompta3

238 3711 384 3790 prolecto
416 3710 498 3769 enim
531 3720 562 3770 et
594 3710 700 3771 Aldus
724 3710 826 3772 multo
850 3712 1011 3772 meliorem
1036 3711 1119 3772 illam
1144 3711 1312 3771 lectionem

238 3878 426 3886 ——-.—--

274 3968 292 4034 ¹)
312 3971 436 4017 zlvantius
454 3970 573 4033 epistulas
590 3987 640 4017 non
658 3972 798 4034 distinguit.

270 4049 289 4107 ²)
308 4050 446 4096 1111111111»Ι
464 4050 582 4112 epistulas
600 4067 649 4096 mm
668 4051 806 4112 distinguit.

273 4128 291 4188 ³)
312 4130 365 4176 llos
382 4130 492 4192 sequitur
512 4129 607 4191 llanly.

271 4208 291 4264 ⁴}
311 4210 399 4255 Nosne
416 4208 538 4270 epistulae
555 4209 653 4255 initium
671 4210 852 4271 constituunt]
873 4218 897 4256 et
914 4211 1003 4261 Calan.

270 4287 288 4338 ὁ1
308 4289 389 4335 Aldus
407 4288 525 4350 epistulas
543 4304 592 4334 nun
610 4288 748 4349 distinguit.

273 4366 294 4432 ὃ)
313 4368 402 4417 Catan.
421 4367 446 4414 ll
464 4374 488 4414 et
507 4367 544 4412 lll
563 4383 613 4413 neu
631 4367 787 4429 distinguunt
804 4368 930 4431 epistulas.
