3114 5130
718 448 756 525 85

200 654 277 694 suae
308 634 358 695 vel
390 635 519 709 erroris,
551 635 639 715 quod
663 646 769 698 essent
793 635 876 699 soliti
897 645 983 698 stato
1002 637 1052 698 die
1074 647 1150 699 ante
1173 637 1275 698 lucem

199 760 369 820 convenire
389 780 583 841 carmenque
607 761 735 824 Christo
758 763 850 843 quasi
874 763 947 824 Deo
971 763 1074 825 dicere
1097 785 1205 826 secum
1230 765 1277 825 in-

200 886 320 962 vicem,
356 907 454 968 seque
485 899 687 950 sacramento
718 909 781 949 non
806 890 836 950 in
861 890 963 951 scelus
987 889 1116 971 aliquod
1140 891 1277 953 obstrin-

200 1033 291 1092 gere,
327 1013 383 1074 sed
414 1034 454 1074 ne
485 1012 584 1090 furta,
618 1035 657 1076 ne
680 1014 860 1092 latrocinia,
889 1037 928 1077 ne
951 1016 1108 1078 adulteria
1131 1017 1278 1079 commit-

200 1144 318 1217 terent,
353 1162 391 1203 ne
421 1141 517 1203 tidem
548 1142 706 1219 fallerent,
736 1165 775 1205 ne
798 1145 982 1225 depositum
1005 1144 1156 1227 appellati
1180 1146 1278 1208 abne-

200 1278 330 1349 garent3
366 1268 483 1349 quibus
519 1271 656 1350 peractis
693 1292 817 1333 morem
856 1272 915 1334 sibi
949 1272 1130 1334 discedendi
1166 1273 1277 1349 fuisse,

203 1417 358 1476 rurusque
378 1396 513 1458 coeundi
533 1397 573 1458 ad
594 1398 785 1478 capiendum
798 1399 905 1460 cibum
917 1449 924 1474 ,
938 1399 1157 1479 promiscuum
1170 1409 1278 1461 tamen

200 1533 232 1585 et
266 1523 450 1599 innoxium;
490 1524 577 1605 quod
612 1525 716 1604 ipsum
752 1523 853 1586 facere
887 1525 1006 1586 desisse
1040 1535 1114 1606 post
1137 1525 1277 1587 edictum

201 1671 326 1727 meum,
359 1672 424 1731 quo
455 1651 631 1712 secundum
656 1651 809 1713 mandata
833 1659 888 1712 tua
912 1651 1070 1713 hetaerias
1094 1672 1163 1712 esse
1186 1660 1278 1714 vetu-

199 1777 320 1839 eram.”

176 1929 178 1932 ’
244 1906 353 1967 Inania
375 1905 535 1986 quaedam
558 1893 624 1966 hoc
640 1906 710 1967 loco
731 1905 850 1986 profert
869 1906 1046 1981 PuteanuS,
1067 1925 1168 1985 quae,
1187 1905 1279 1985 quasi

201 2034 410 2113 praeteriens,
447 2032 518 2093 ideo
553 2042 679 2094 tantum
715 2052 936 2094 commemoro
971 2041 1006 2095 ut
1036 2032 1222 2108 ostendam,
1248 2032 1278 2092 in

201 2168 338 2239 quantas
368 2160 502 2240 ineptias
533 2159 657 2221 soleant
687 2160 881 2240 impingere,
913 2161 968 2242 qui
992 2159 1215 2240 epistularum,
1239 2158 1280 2219 de

200 2284 317 2365 quibus
352 2285 553 2366 disputamus
589 2284 703 2360 fidem,
740 2306 819 2366 „per
847 2285 893 2347 sas
924 2294 956 2347 et
980 2284 1087 2347 nesas”
1113 2294 1149 2348 ut
1171 2286 1279 2360 aiunt,

198 2411 400 2492 impugnant.

245 2538 315 2616 „La
349 2539 542 2602 declaration
576 2541 631 2620 qui
661 2541 725 2601 suit
756 2550 833 2621 peut
863 2543 1000 2620 paraitre
1031 2561 1093 2620 peu
1125 2537 1280 2600 naturelle

199 2665 282 2727 dans
308 2665 338 2728 la
362 2665 488 2727 bouche
511 2665 707 2746 d'apostats,
733 2676 766 2729 et
789 2665 852 2727 l⁷on
876 2687 910 2727 se
933 2666 1092 2727 deinande
1114 2674 1279 2728 comment

123 2846 127 2856 ,
199 2792 237 2853 ils
260 2793 345 2855 aient
368 2793 561 2854 abandonne
585 2814 626 2854 un
647 2792 732 2854 culte
750 2793 830 2854 dont
851 2793 886 2853 ils
907 2792 1223 2855 s'accordentafaire
1236 2813 1277 2853 un

200 2920 225 2980 si
250 2919 301 2980 bel
322 2919 435 3000 e‘loge’'
453 2919 485 3003 ¹).
507 2919 597 2981 Haec
616 2939 714 3001 quam
735 2920 842 2999 inepta
863 2919 925 2980 sint
944 2919 1015 3002 quis
1032 2939 1095 2980 non
1112 2919 1279 2999 intellegit?

202 3047 276 3108 Non
300 3048 444 3128 profecto
464 3047 507 3108 ob
527 3046 726 3109 Christianae
745 3046 903 3126 religionis
922 3046 1128 3127 pravitatem,
1149 3046 1280 3108 sedant

199 3185 359 3237 tortorum
383 3173 487 3234 surore
511 3174 651 3254 superati
675 3183 731 3235 aut
755 3194 812 3234 sua
832 3173 973 3254 nequitia
993 3173 1119 3253 impulsi
1139 3195 1157 3234 a
1174 3172 1280 3235 Chris·

201 3301 288 3363 tiano
312 3300 398 3362 cultu
423 3299 634 3380 „apostatae”
659 3300 832 3361 desciscere
856 3300 1013 3369 solebant.
1035 3300 1172 3361 Accedit
1191 3299 1279 3380 quod

202 3447 398 3507 magnopere
422 3427 564 3506 ipsorum
587 3448 718 3507 quoque
741 3435 963 3506 apostatarum
988 3425 1154 3500 intererat,
1174 3423 1279 3486 Chris·

201 3554 321 3615 tianam
346 3554 529 3634 religionem
553 3554 603 3614 cui
627 3563 660 3615 et
680 3554 738 3633 ipsi
758 3552 833 3613 olim
853 3552 970 3613 addicti
989 3551 1129 3625 fuerant,
1150 3550 1279 3610 minime

202 3691 371 3743 nocentem
404 3700 603 3761 pravamque
636 3680 735 3740 Plinio
765 3679 879 3752 videri,
912 3698 951 3738 ne
982 3675 1128 3738 videlicet
1158 3684 1190 3736 et
1220 3675 1279 3736 sibi

129 3842 132 3847 ⁴
202 3811 374 3884 accideret,
406 3809 493 3890 quod
525 3809 561 3868 iis
591 3809 645 3888 qui
676 3807 750 3868 olim
781 3806 986 3867 condemnati
1017 3804 1154 3866 necdum
1178 3805 1280 3884 puniti

147 3934 149 3939 ’
200 3946 307 4012 erant,
340 3935 458 3997 factum
490 3955 559 3995 esse
590 3934 742 4014 legimus,
775 3952 856 4012 quos
886 3930 1061 4011 Traianus,
1092 3927 1157 4014 (vel
1180 3929 1279 3990 invito

200 4062 312 4142 Plinio)
333 4099 374 4107 —
395 4062 538 4142 exceptis
563 4060 621 4121 illis
641 4061 695 4140 qui
713 4059 781 4140 jam
800 4059 911 4120 decem
931 4058 1022 4119 annis
1042 4067 1116 4119 ante
1135 4056 1279 4118 damnati

210 4231 399 4239 ——n—

237 4337 255 4396 1)
274 4340 366 4402 Dupuy
383 4337 409 4384 ll.
428 4355 444 4400 p
474 4349 526 4397 192.
