3114 5130
756 472 797 554 63

281 667 375 748 Quae
409 687 482 728 cum
518 668 561 729 ita
598 669 661 730 sint
693 676 884 747 argumenta
917 668 1074 747 Ussingii,
1101 689 1163 728 non
1189 678 1315 730 tantum

236 794 384 857 videntur
419 793 542 869 valere,
578 803 613 855 ut
644 794 779 873 Jucundi
803 794 998 855 Veronensis
1022 793 1222 875 aliorumque
1244 815 1316 873 gra-

236 922 439 983 vissimorum
472 921 612 982 virorum
637 922 862 983 auctoritatem
887 920 1053 1001 infringere
1077 921 1216 1002 possint;
1241 941 1314 982 cum

237 1049 441 1130 praesertim,
467 1057 503 1109 ut
521 1047 588 1127 jam
615 1068 676 1108 non
702 1047 799 1109 semel
824 1048 1025 1123 monuimuS,
1050 1048 1230 1128 iterumque
1256 1047 1317 1108 hoc

238 1175 309 1237 loco
341 1212 384 1220 -
414 1176 531 1236 summi
563 1185 611 1236 est
634 1176 717 1236 enim
743 1177 773 1236 in
797 1174 857 1237 hac
880 1175 1069 1256 quaestione
1092 1175 1247 1236 momenti
1271 1211 1314 1220 -—

240 1323 370 1364 monere
400 1302 507 1382 lubet,
539 1303 691 1383 rescripta
723 1302 773 1363 illa
806 1312 838 1364 et
862 1302 998 1380 cognitis
1021 1300 1150 1381 Trajani
1174 1300 1316 1361 moribus

238 1430 365 1509 egregie
398 1439 594 1510 congruant,
630 1438 662 1491 et
693 1430 722 1490 in
756 1429 863 1490 multis
886 1430 1031 1489 intimam
1056 1428 1218 1508 scriptoris
1242 1447 1314 1508 cum

238 1578 343 1618 rerum
379 1567 449 1619 tum
480 1557 647 1618 hominum
672 1559 787 1619 aetatis
811 1556 890 1618 illius
914 1558 1059 1618 notitiam
1085 1557 1266 1619 ostendant.
1288 1554 1316 1639 ¹)

284 1685 392 1766 Quare
425 1695 457 1747 et
489 1684 618 1764 Trajani
648 1684 800 1765 epistulas
831 1685 856 1744 si
889 1684 1055 1744 universae
1077 1684 1317 1745 considerentur

238 1812 376 1872 sinceras
399 1831 485 1887 esse,
511 1811 597 1872 haud
621 1811 743 1872 leuibus
767 1811 964 1890 argumentis
977 1810 1233 1873 demonstratum
1247 1831 1317 1870 esse

240 1938 401 1999 existimo,

240 2095 242 2098 ·
284 2065 400 2126 Restat
427 2063 495 2144 jam
527 2065 638 2126 ultima
670 2065 847 2146 eademque
870 2065 1058 2146 gravissima
1081 2074 1114 2126 et
1137 2064 1318 2126 difficillima

239 2189 332 2251 huius
361 2191 586 2272 disputationis
617 2212 699 2272 pars
730 2191 812 2254 Cum
837 2193 921 2252 enim
945 2191 1104 2273 plerique,
1129 2212 1166 2253 ac
1189 2201 1316 2254 tantum

240 2339 303 2378 non
336 2339 448 2379 omnes
474 2319 530 2380 viri
554 2318 657 2394 docti,
682 2318 742 2380 hac
765 2319 895 2400 quidem
920 2328 1027 2382 aetate
1050 2339 1087 2380 ea
1111 2340 1195 2399 quae
1221 2339 1316 2398 supra

240 2444 281 2504 de
312 2446 459 2506 universo
487 2444 566 2505 libro
591 2454 623 2506 et
646 2445 686 2505 de
709 2444 838 2524 Trajani
862 2447 1002 2526 epistulis
1026 2447 1078 2523 „in
1102 2445 1239 2525 genere''
1266 2444 1319 2528 (ut

240 2572 349 2633 dicunt
373 2568 571 2654 philosophi)
597 2572 803 2633 consideratis
816 2573 1021 2634 disseruimus
1035 2572 1117 2635 ultro
1130 2573 1317 2648 concedant,

239 2698 324 2758 illam
360 2708 469 2760 tamen
499 2717 598 2778 quam
629 2697 669 2758 de
701 2696 954 2759 Christianorum
987 2719 1083 2759 causa
1113 2699 1153 2760 ad
1177 2700 1317 2779 Impera-

240 2833 343 2885 torem
378 2824 495 2885 Plinius
530 2825 671 2905 scripsit,
709 2825 851 2906 itemque
874 2825 1002 2906 Trajani
1026 2846 1214 2906 responsum
1240 2847 1318 2886 non-

242 2952 318 3013 nulli
340 2953 506 3033 excipiunt
530 2961 562 3014 et
588 2952 721 3026 multas,
743 2973 862 3034 easque
875 2953 960 3015 haud
974 2955 1168 3035 spernendas
1181 2956 1319 3015 rationes

240 3078 442 3155 adtulerunt,
467 3078 585 3159 quibus
610 3079 669 3140 sibi
693 3078 816 3141 efficere
840 3081 896 3141 visi
921 3091 1012 3157 sunt,
1037 3091 1093 3143 aut
1118 3083 1320 3144 etiamnunc

240 3206 405 3281 videntur,
429 3204 599 3286 epistulam
624 3206 709 3267 illam
734 3216 790 3269 aut
814 3217 985 3288 utramque
1008 3217 1065 3269 aut
1089 3207 1202 3271 saltem
1227 3208 1320 3270 alter-

245 3388 436 3396 ——-

275 3507 305 3554 T.
326 3517 362 3569 15.
380 3507 439 3554 Hoc
456 3507 512 3554 loco
531 3508 608 3567 (recte
626 3507 740 3567 sortasse)
755 3507 827 3570 ejecit
848 3508 1093 3571 Ussing:,‚quamvis
1102 3509 1233 3555 contrariis
1244 3509 1323 3557 ventis

243 3584 372 3634 retentus*
390 3600 454 3648 quae
472 3586 550 3632 rerba
567 3601 598 3632 en
617 3587 646 3635 T.
666 3588 720 3648 17A
735 3587 782 3650 ipsi
798 3588 914 3634 ridentur
930 3588 1063 3652 irrepsisse,
1077 3603 1132 3635 cum
1150 3589 1178 3638 T.
1197 3599 1224 3650 15
1241 3599 1324 3636 narret

240 3665 336 3712 Plinius
361 3680 405 3723 „se
428 3681 506 3728 usque
532 3665 662 3729 Ephesum
681 3667 871 3713 saluberrimam
889 3667 1077 3728 navigationem
1096 3675 1224 3730 expertum
1243 3667 1322 3716 esse'’.

275 3745 304 3794 T,
323 3743 364 3802 81,
382 3743 397 3790 6
415 3744 549 3791 delendum
578 3752 674 3792 censet:
700 3745 761 3807 „qui
787 3745 913 3808 Eumolpo
936 3745 998 3793 sicut
1024 3747 1141 3793 Prusiade
1159 3744 1325 3795 adsistebat.¹’

239 3822 303 3868 Item
329 3822 460 3884 epistulam
490 3822 622 3870 Domitiani
648 3823 679 3870 ad
698 3824 844 3870 'l'erentium
862 3824 1001 3872 hlaximum
1020 3840 1083 3888 quae
1101 3826 1222 3888 epistulae
1240 3826 1322 3890 eidem

176 3933 179 3939 ·
240 3900 411 3962 subjungitur:
431 3901 542 3963 (‚,meget
561 3902 737 3963 mistaenlrelig
755 3903 889 3950 redderes
907 3903 1171 3967 Utntstaenttigtiedf')

274 3980 303 4030 T.
339 3991 380 4040 47,
432 3981 511 4028 delet:
529 3981 665 4040 „halmissc
683 3982 848 4044 privilegium¹
861 4024 865 4033 .
877 4025 897 4033 ,.
917 3984 1118 4034 arlministrar·e.”

275 4060 305 4107 T.
339 4059 411 4122 65‚2
463 4097 480 4119 ‚,
531 4061 616 4123 „quod
635 4062 665 4107 ad
687 4061 809 4124 Bithynos
827 4062 946 4109 serretur''
964 4063 1045 4124 (Keilt
1065 4062 1205 4122 referretur)

274 4139 303 4188 T.
339 4138 411 4200 26‚2
463 4175 479 4197 ,,
529 4146 571 4198 „et
589 4140 687 4202 siquid
706 4140 766 4186 mihi
785 4139 889 4191 credis,''

266 4219 305 4273 ,T.
325 4217 378 4282 118,
400 4232 409 4265 1
462 4255 479 4278 ,‚
529 4218 636 4276 „Scribo
666 4220 746 4279 (Keilz
773 4236 853 4273 serro,
881 4222 1034 4271 Mommsen:
1061 4223 1177 4280 observo)
1205 4221 1322 4268 iselastici

592 4297 719 4348 nomines*

278 4376 296 4439 ¹)
314 4377 385 4438 Quae
404 4378 496 4440 Ussing
512 4385 600 4426 contra
618 4379 767 4426 Tertulliani
786 4380 962 4427 auctoritatem
979 4381 1091 4444 disputat
1100 4380 1164 4428 inira
1173 4381 1326 4445 expendam.
