3114 5130
756 473 800 533 44

285 648 392 729 Quam
428 648 471 708 ob
500 668 567 708 rem
598 668 672 710 curn
706 649 776 710 lites
800 671 896 731 saepe
927 652 1034 713 multis
1066 653 1319 726 intenderentur,

241 776 399 855 quaesivit
418 775 460 835 ab
479 776 676 855 Imperatore
700 776 816 859 Plinius
839 778 916 857 quid
936 779 1017 840 circa
1036 778 1115 840 haec
1127 781 1158 839 in
1171 778 1322 858 Bithynia

239 923 274 962 se
298 922 392 982 agere
417 901 511 963 vellet
528 902 558 981 ¹).
583 900 641 975 „ln
663 902 955 964 Constitutionibus
975 905 1059 964 enim
1073 906 1261 985 principum,
1276 905 1322 964 in·

238 1029 324 1109 quit,
350 1027 424 1088 nihil
448 1027 665 1102 inveniebam,
695 1037 751 1088 aut
778 1030 943 1108 proprium
963 1040 1019 1091 aut
1038 1029 1213 1092 universale
1234 1031 1320 1110 quod

239 1156 279 1216 ad
303 1153 462 1233 Bithynos
486 1152 684 1215 referretur.'’

285 1281 366 1342 Esse
397 1281 542 1360 quidem,
579 1281 632 1354 ait,
658 1290 689 1341 et
714 1283 836 1342 recitari
860 1282 964 1343 edicta
987 1293 1019 1345 et
1041 1283 1198 1364 epistulas
1224 1304 1320 1364 quas·

239 1405 314 1468 dam
348 1407 509 1487 Augusti,
540 1407 745 1487 Vespasiani,
779 1408 842 1469 Titi
873 1418 906 1470 et
930 1409 1122 1485 Domitiani,
1148 1410 1203 1470 sed
1227 1430 1265 1470 ea
1289 1421 1320 1471 et

239 1534 377 1594 incertae
408 1531 481 1592 fidei
511 1532 626 1608 videri,
659 1543 691 1594 et
723 1534 763 1594 ad
796 1533 873 1594 alios
898 1537 1006 1614 potius
1029 1555 1098 1596 esse
1123 1535 1198 1597 data
1221 1557 1320 1616 quam

240 1658 520 1740 mfflfflm&
867 1633 870 1638 ι

283 1786 340 1846 Ad
362 1785 442 1846 haec
467 1787 510 1846 ita
536 1786 709 1865 respondet
733 1786 907 1866 Trajanus:

285 1911 463 2004 „Quaestio
494 1912 569 1986 ista,
602 1932 686 1991 quae
717 1914 855 1991 pertinet
885 1914 925 1975 ad
959 1935 1030 1989 eos,
1063 1916 1117 1996 qui
1142 1916 1230 1977 liberi
1255 1917 1320 1977 nati

239 2039 393 2118 expositi,
435 2038 549 2098 deinde
591 2038 708 2100 sublati
755 2061 775 2099 a
809 2040 1002 2120 quibusdam
1038 2052 1070 2104 et
1104 2043 1134 2103 in
1169 2045 1321 2105 servitute

240 2165 365 2226 educati
400 2174 492 2233 sunt,
529 2185 625 2245 saepe
657 2175 794 2227 tractata
826 2177 891 2241 est,
921 2168 1177 2248 necquidquam
1201 2170 1320 2229 inveni-

239 2302 291 2354 tur
314 2293 344 2352 in
368 2292 605 2353 commentariis
631 2312 741 2352 eorum
765 2292 944 2372 principum
964 2293 1019 2372 qui
1042 2302 1117 2354 ante
1130 2313 1182 2353 me
1193 2293 1319 2354 fuerunt

238 2419 327 2498 quod
351 2418 391 2478 ad
415 2437 528 2478 omnes
547 2418 734 2497 provincias
758 2418 797 2478 sit
822 2418 1044 2478 constitutum.
1066 2417 1319 2497 Epistolaesane

239 2550 314 2605 sunt
358 2544 535 2605 Domitiani
577 2543 617 2604 ad
661 2543 816 2604 Avidium
856 2543 1025 2623 Nigrinum
1060 2554 1092 2605 et
1127 2545 1318 2606 Armenium

239 2669 436 2746 Brocchum,
461 2690 545 2750 quae
568 2669 702 2730 fortasse
725 2669 865 2731 debeant
888 2669 1068 2745 observari;
1094 2671 1149 2732 sed
1170 2672 1251 2732 intra
1263 2692 1318 2732 eas

239 2798 417 2878 provincias
430 2796 470 2857 de
482 2796 599 2876 quibus
611 2797 780 2876 rescripsit,
794 2796 968 2876 interquas
982 2817 1045 2857 non
1055 2806 1104 2858 est
1112 2796 1264 2877 Bithynia
1277 2800 1317 2879 3);

239 2934 272 2985 et
295 2923 366 2983 ideo
391 2942 450 2983 nec
473 2923 687 2984 adsertionem
712 2923 935 3002 denegandam
959 2924 994 2984 iis
1017 2925 1072 3004 qui
1099 2945 1140 2985 ex
1164 2926 1320 2986 eiusmodi

239 3070 336 3111 causa
359 3050 389 3109 in
414 3049 595 3110 libertatern
619 3049 866 3110 vindicabuntur
885 3059 981 3130 puto,
996 3071 1100 3131 neque
1112 3053 1214 3132 ipsam
1228 3052 1319 3113 liber-

239 3187 339 3238 tatem
363 3176 581 3236 redimendam
606 3177 708 3255 pretio
732 3168 988 3238 alimentorum.”
1002 3176 1038 3257 ⁴).

276 3400 294 3459 ¹)
313 3402 341 3448 T.
361 3401 400 3465 65,

273 3479 293 3545 ²)
312 3482 397 3542 Quare
420 3481 490 3528 addit
509 3481 660 3529 Pliniussse
678 3498 707 3528 ea
727 3481 874 3543 Imperatori
894 3498 944 3530 non
965 3481 1067 3531 misisse.
1095 3482 1132 3528 Ex
1152 3481 1219 3529 hisee
1237 3483 1318 3530 verbis

237 3571 307 3625 patet
334 3561 358 3607 id
385 3561 461 3608 moris
488 3561 561 3608 luisse
579 3562 661 3609 Plinio
681 3569 707 3608 ut
725 3561 757 3607 ad
777 3561 957 3624 Imperatorem
977 3569 1077 3608 senatus
1095 3563 1209 3609 consulta
1227 3572 1249 3610 et
1269 3563 1318 3610 alia

238 3644 339 3690 decreta
374 3641 497 3704 mitteret,
524 3657 588 3703 qnae
615 3642 646 3688 ad
674 3658 725 3689 reni
753 3642 784 3689 de
809 3658 858 3704 qua
884 3639 1032 3699 „haereret”
1059 3640 1140 3688 faeere
1167 3642 1317 3690 viderentur.

238 3725 322 3784 Quare
347 3721 381 3767 nil
408 3719 505 3766 videtur
531 3720 765 3784 repreherulendnm
794 3736 846 3769 esse
873 3721 898 3766 in
926 3721 972 3782 Ep.
997 3720 1019 3765 T
1038 3732 1068 3781 73
1086 3720 1122 3779 „si
1141 3720 1201 3767 mibi
1219 3731 1318 3769 senatus

238 3800 379 3848 consultum
400 3797 494 3844 miseris
513 3799 580 3860 qnod
600 3798 791 3846 haesitationem
812 3799 857 3845 tibi
875 3798 933 3845 fecit
953 3799 1016 3846 ete.'’
1036 3799 1141 3845 Fallitur
1157 3814 1217 3860 ergo
1228 3800 1316 3861 Ussing¹

238 3880 280 3942 qni
297 3878 335 3938 (ll.
355 3894 370 3939 p
401 3878 441 3938 Η)
462 3877 486 3922 in
508 3877 575 3924 hisce
584 3893 684 3940 quoqne
694 3878 866 3925 incredibilem
878 3876 1008 3924 stultitiam
1019 3877 1067 3923 sihi
1079 3877 1177 3924 videtur
1188 3878 1317 3940 reprehen-

238 3960 310 4008 disse.
328 3956 371 4005 cir.
389 3964 413 4003 et
431 3957 460 4006 T.
482 3969 521 4017 79,
541 3967 553 4018 5
572 3958 682 4020 „Capita
698 3958 760 4018 legis
779 3966 831 4003 tmn
850 3957 958 4004 edictum
978 3956 1085 4017 Augusti
1103 3957 1192 4003 litteris
1208 3957 1318 4018 snl›jeei''

238 4048 262 4085 et
281 4037 370 4098 llardy
388 4037 419 4084 ad
439 4037 468 4086 T,
488 4048 518 4097 73
537 4053 562 4099 p.
583 4034 625 4084 181

273 4116 293 4178 3)
312 4119 334 4164 T
361 4117 400 4167 66.

272 4195 293 4257 4)
313 4198 401 4245 Lectio
428 4197 501 4243 huius
529 4197 641 4258 responsi
668 4196 762 4243 incerta
781 4195 867 4253 valde,
885 4203 984 4242 secutus
1003 4211 1056 4242 sum
1076 4196 1245 4257 rmperrinmm
1264 4193 1314 4240 edi-

238 4287 316 4323 torem
336 4276 434 4338 Ilardy.
452 4275 509 4322 Keil
529 4275 563 4322 ita
580 4275 653 4336 legit:
667 4276 724 4337 „sed
735 4275 798 4321 inter
808 4291 850 4322 eas
862 4274 1003 4339 provincias
1012 4274 1043 4320 de
1053 4274 1142 4337 quibus
1152 4273 1274 4336 rescripsit
1287 4277 1312 4331 †

238 4356 303 4402 inter
320 4371 382 4419 quas
400 4361 436 4401 est
455 4353 596 4418 Bitlryniu’'.
1251 4337 1253 4346 Ι
