3114 5130
758 490 793 553 Ι3

236 661 293 720 mit
317 659 453 721 welcher
475 660 532 720 der
556 659 793 739 Freigelassene
817 660 873 720 des
897 660 1013 722 Plinius
1025 660 1082 721 der
1094 661 1181 729 seine
1192 661 1310 723 Leiche

237 783 318 846 nach
342 783 425 845 Rom
452 784 599 860 brachte‚
625 784 691 846 sich
714 786 788 847 dem
813 785 929 847 Kaiser
952 785 1123 867 empfahl.''
1143 785 1164 870 ¹)

282 912 451 991 Ceterum,
477 913 553 992 quid
574 913 633 974 sibi
646 913 892 993 interpolatum,
906 913 982 994 quid
996 915 1153 975 sincerum
1167 915 1313 977 videatur

235 1037 282 1097 vir
316 1038 520 1100 doctissimus
556 1058 619 1099 non
651 1039 785 1114 indicat;
816 1059 915 1120 quare
939 1038 1018 1101 haec
1043 1041 1201 1101 sententia
1224 1061 1309 1102 com-

238 1164 407 1224 memorari
431 1173 555 1244 potest,
582 1185 644 1225 non
668 1174 777 1246 potest
800 1165 905 1226 refelli.

235 1340 238 1347 .
283 1287 373 1349 Haec
397 1290 427 1349 in
452 1289 624 1351 Germania
648 1300 681 1353 et
704 1290 809 1351 Dania
832 1291 888 1351 viri
908 1291 995 1352 docti
1020 1292 1085 1366 At,
1099 1293 1196 1372 quiin
1210 1290 1313 1353 Gallia

239 1416 372 1476 eandem
397 1418 648 1478 controversiam
674 1427 860 1492 moverunt,
886 1415 1018 1479 Semleri
1044 1419 1231 1500 praesertim
1259 1438 1313 1478 ve-

239 1544 340 1622 stigiis
363 1542 579 1617 inhaerentes,
605 1563 669 1603 non
689 1544 849 1623 integrum
870 1543 1000 1618 librum,
1023 1544 1079 1604 sed
1097 1544 1181 1604 solas
1193 1544 1261 1605 illas
1273 1544 1313 1604 de

240 1667 425 1730 Christianis
448 1669 600 1750 epistulas
623 1689 715 1730 veras
734 1689 970 1750 germanasque
983 1690 1052 1730 esse
1066 1679 1265 1749 negaverunt
1289 1669 1314 1750 ἓ)

283 1797 369 1857 lnter
402 1816 484 1876 quos
507 1816 584 1876 prae
607 1797 737 1871 cetere,
761 1806 920 1876 quantum
945 1797 1028 1871 scio,
1054 1793 1209 1878 Aube³)‚
1234 1796 1316 1857 Des-

234 1921 356 2000 jardins
374 1922 416 2001 ⁴),
448 1921 571 2002 Dupuy
590 1920 632 2002 5),
656 1922 713 1982 viri
737 1921 911 1982 doctissimi
936 1922 1119 1982 nominandi
1141 1931 1225 1983 sunt.
1250 1919 1314 1983 Sed

240 2045 289 2122 hi,
318 2067 392 2109 curn
424 2047 454 2108 id
486 2047 672 2127 praesertim
700 2055 800 2126 agant
835 2056 871 2107 ut
899 2046 1037 2127 probent
1061 2044 1119 2107 has
1142 2046 1226 2107 solas
1250 2048 1316 2127 epi-

241 2172 341 2235 stulas
371 2194 444 2234 cum
469 2173 549 2234 illius
572 2174 686 2236 aetatis
710 2173 816 2248 iactiS,
841 2173 953 2248 rebuS,
979 2172 1121 2233 moribus
1145 2193 1209 2233 non
1234 2172 1316 2234 bene

240 2301 419 2375 convenire,
444 2301 484 2361 de
508 2320 619 2361 eorum
643 2300 840 2380 argumentis
864 2299 942 2360 infra
965 2299 1063 2359 fusius
1082 2299 1244 2374 disseram,
1259 2320 1315 2360 ex-

240 2427 352 2506 positis
375 2437 450 2488 ante
474 2427 669 2506 gravissimis
693 2426 751 2487 illis
776 2425 969 2500 rationibu5‚
990 2445 1074 2506 quae
1092 2426 1315 2488 demonstrant

239 2553 354 2615 librum
388 2553 428 2613 de
459 2573 525 2633 quo
556 2552 758 2633 disputamus
789 2573 808 2612 a
832 2551 928 2630 longe
952 2552 1094 2631 plurimis
1118 2553 1191 2612 viris
1214 2553 1317 2614 doctis

241 2680 339 2741 Plinio
363 2680 569 2760 Trajanoque
592 2690 677 2741 recte
701 2680 865 2760 assignari.

285 2807 392 2888 Quam
424 2827 491 2868 rem
520 2817 554 2869 ut
578 2806 691 2868 clarius
714 2806 958 2885 distinctiusque
981 2826 1153 2886 peragam,
1178 2807 1317 2887 primum

243 2935 425 2995 universum
449 2934 564 2994 librum
587 2934 763 3013 genuinum
788 2933 1011 3013 sincerumque
1034 2953 1104 2994 esse
1129 2933 1316 2997 ostendam:

242 3071 311 3122 tum
342 3061 484 3140 Ussingii
515 3060 707 3121 sententiam
739 3058 904 3120 confutare
934 3059 1076 3120 conabor
1085 3081 1092 3134 ;
1125 3061 1255 3121 tandem
1287 3061 1317 3121 in

241 3196 432 3266 argumenta
466 3187 640 3266 inquiram,
676 3206 760 3266 quae
791 3186 943 3246 adversus
976 3187 1157 3247 notissimas
1187 3186 1254 3247 illas
1277 3186 1318 3248 de

242 3314 427 3376 Christianis
451 3313 603 3393 epistulas
627 3333 645 3373 a
668 3314 741 3373 viris
765 3313 868 3374 doctis
891 3312 1015 3392 prolata
1038 3323 1122 3374 sunt.
1137 3314 1163 3394 ¹³)

280 3626 297 3686 ¹)
316 3629 439 3676 Schaedel
459 3627 484 3675 ll.
503 3644 542 3690 pp,
564 3639 590 3689 7,
609 3626 631 3675 8.

277 3707 296 3770 t,
316 3708 457 3755 Offenditur
483 3708 514 3754 de
540 3710 564 3755 la
583 3707 662 3769 Berge
680 3708 761 3769 (Essai
779 3723 820 3754 sm·
837 3707 860 3753 le
879 3709 955 3767 regne
975 3706 1007 3752 de
1026 3707 1120 3769 Trajan
1138 3725 1163 3771 p.
1181 3707 1223 3769 81)
1243 3710 1272 3758 T.
1290 3724 1319 3773 9,

248 3801 277 3834 10
303 3788 360 3836 coll.
386 3803 441 3834 cum
467 3787 519 3833 Pan
553 3785 585 3846 69
603 3787 646 3833 sed
665 3787 761 3833 deltae
779 3801 805 3832 re
823 3785 880 3833 vide
899 3787 1049 3835 Mommsen.
1068 3787 1133 3834 Rom
1161 3787 1322 3839 staats-,11²

243 3885 284 3931 Pl'·
305 3878 476 3928 1044—1047.
812 3933 815 3943 y

279 3944 299 4008 ³)
318 3946 449 4005 „Histoire
474 3946 519 3992 (les
537 3945 710 3992 Perse'cutions
729 3946 760 3992 (le
784 3943 887 4006 l'Eglise
902 3943 1001 4007 jusqu'd
1018 3946 1044 3993 la
1062 3944 1094 3992 fin
1114 3947 1158 3993 ‹les
1177 3947 1320 3995 Antonins''

243 4036 270 4073 2³*
289 4026 391 4073 Edition
408 4026 477 4073 Paris
498 4023 558 4086 1875
586 4040 620 4087 pp
645 4023 785 4084 207—228.

278 4103 298 4162 ⁴)
317 4104 345 4150 ln
363 4105 468 4162 „Revue
485 4104 529 4150 (les
546 4104 612 4150 deux
628 4101 749 4150 mondes”
772 4103 840 4164 1874.
859 4103 932 4151 Tom.
950 4103 993 4152 Vl.
1015 4119 1057 4165 pp.
1075 4101 1123 4164 656
1141 4119 1191 4166 seq.

279 4182 298 4242 ⁵)
318 4184 347 4231 In
369 4184 500 4243 „Annales
522 4183 554 4229 rle
579 4183 603 4230 la
622 4183 726 4229 Faculte
744 4182 788 4229 (les
806 4183 903 4229 Lettres
921 4183 953 4229 ‹le
971 4183 1102 4229 Bordeaux
1123 4182 1187 4229 1880
1204 4184 1275 4230 Tom.
1296 4183 1321 4230 ΙΙ

244 4280 285 4326 pp.
307 4262 444 4323 182-196.

279 4340 299 4402 θ)
318 4343 357 4388 De
375 4348 428 4388 tota
446 4342 493 4388 liae
511 4341 657 4403 quaestione
675 4340 741 4388 haud
760 4340 862 4403 illepide
880 4340 1003 4388 Schaedel
1021 4340 1047 4389 ll.
1064 4358 1091 4402 p.
1109 4351 1136 4400 7:
1154 4341 1246 4399 „Nach
1262 4341 1320 4388 alle·
