3114 5130
730 510 769 576 95

213 684 253 745 de
284 684 430 746 hetaeriis
461 683 589 746 habitas
618 684 742 746 delatos
772 706 809 746 ac
845 705 923 745 mox
958 686 1088 766 punitos
1122 705 1191 745 esse
1222 685 1289 745 exi-

214 811 319 885 stimO‚
344 811 507 889 ingentem
533 821 641 871 tamen
666 810 751 871 illam
776 811 1022 886 multitudinem,
1048 812 1152 871 omnis
1175 811 1290 871 aetatis

214 946 246 996 et
270 956 383 1009 sexuS,
408 957 491 1016 quae
515 937 648 997 Plinium
671 938 830 1018 permovit
843 947 877 999 ut
891 938 932 999 ad
945 937 1115 999 Caesarem
1128 939 1289 1012 scriberet,

214 1063 244 1121 in
268 1062 320 1122 illo
342 1063 411 1142 ipso
431 1063 502 1124 loco
520 1063 621 1124 altero
633 1064 765 1124 demum
777 1063 945 1144 legationis
958 1085 1043 1125 anno
1056 1085 1126 1125 esse
1138 1065 1287 1126 delatam.

258 1190 307 1251 Ita
337 1210 468 1269 quoque
492 1191 575 1252 ultro
599 1200 751 1252 corruunt
776 1190 842 1265 illa,
870 1212 954 1270 quae
977 1191 1130 1252 adversus
1154 1191 1291 1253 Boissier

214 1317 358 1398 disputat
381 1317 560 1392 Puteanu5‚
584 1318 639 1397 qui
660 1338 815 1397 magnum
835 1319 911 1398 quid
925 1319 983 1378 sibi
996 1319 1165 1380 videbatur
1177 1320 1289 1398 egisse,

215 1444 240 1503 si
263 1432 515 1518 demonstraret,
540 1443 622 1504 duos
646 1445 715 1505 illos
737 1445 886 1524 Origenis
898 1445 985 1506 locos
1004 1446 1030 1525 ¹)
1043 1466 1126 1526 quos
1138 1446 1290 1507 attulerat

214 1570 367 1643 Boissier‚
393 1571 474 1631 inter
496 1590 530 1630 se
555 1590 760 1651 nequaquam
785 1592 938 1652 pugnare.
960 1571 1046 1632 Nihil
1067 1571 1290 1652 hisceproficit

215 1699 262 1758 vir
288 1697 501 1758 doctissimus.
527 1697 600 1758 Non
624 1699 707 1758 enim
734 1698 881 1779 Origenis
904 1701 1003 1760 verba
1025 1700 1200 1761 ostendunt
1224 1699 1289 1760 fieri

216 1847 279 1886 non
303 1826 462 1906 potuisse,
488 1834 523 1886 ut
547 1826 577 1885 in
603 1825 653 1885 illa
674 1825 848 1905 Bithyniae
871 1827 1005 1888 Pontive
1025 1837 1115 1908 parte
1136 1828 1179 1888 ob
1192 1848 1290 1908 auge-

216 1962 357 2014 scentem
382 1954 411 2013 in
436 1953 502 2012 dies
526 1951 779 2013 Christianorum
804 1972 982 2028 numerum,
1004 1954 1125 2034 templa
1146 1954 1290 2032 „desola-

216 2079 362 2154 1·entur”,
387 2078 539 2140 sacrificia
563 2079 862 2153 intermitterentur,
884 2080 1033 2140 victimae
1053 2101 1116 2140 non
1136 2082 1289 2143 venirent.

216 2208 309 2289 Quae
339 2227 412 2268 cum
436 2208 481 2267 ita
505 2207 584 2284 sint,
609 2226 693 2286 quae
716 2207 772 2267 viri
797 2207 882 2267 docti
906 2207 937 2266 in
961 2206 1021 2268 hac
1044 2207 1130 2268 Plinii
1155 2209 1290 2289 epistula

216 2334 497 2416 reprehenderunt,
522 2332 610 2393 facile
633 2332 708 2393 mihi
733 2333 881 2393 videntur
904 2332 1072 2412 explicari,
1095 2353 1198 2412 neque
1210 2354 1288 2408 esse,

216 2481 272 2522 cur
301 2480 373 2520 eam
397 2458 439 2520 ab
462 2459 561 2539 impio
584 2459 708 2519 falsario
731 2458 902 2520 confictam
926 2479 996 2518 esse
1019 2460 1249 2521 existimemus.
1263 2461 1289 2535 ⁹²)

261 2589 405 2649 Transeo
434 2586 501 2666 jam
537 2586 577 2646 ad
609 2607 646 2646 ea
678 2596 885 2665 argumenta,
916 2586 1033 2665 quibus
1057 2587 1126 2649 freti
1150 2588 1292 2649 nonnulli

254 2878 272 2940 ¹)
294 2877 416 2938 Origenes
432 2876 529 2923 Contra
546 2874 612 2921 Cels,
631 2874 641 2919 Ι
660 2873 692 2920 26
709 2882 733 2920 et
752 2873 814 2920 VIII
833 2873 872 2933 69,

252 2955 272 3020 2)
291 2957 390 3019 Operae
408 2955 515 3019 pretinm
533 2952 606 2999 suerit
624 2951 708 3014 paucis
726 2952 774 2999 hoc
793 2951 849 3000 loco
867 2952 1015 3014 sIgnificare,
1033 2969 1097 3017 qnae
1115 2971 1136 3003 v.
1155 2955 1179 3004 d.
1198 2957 1291 3020 Dupuy

217 3052 246 3083 ex
273 3037 321 3084 illis
347 3050 411 3097 qnae
437 3032 574 3096 disputavit
600 3031 742 3092 collegerit:
768 3032 813 3092 „st
839 3034 864 3079 la·
889 3033 963 3079 lettre
980 3032 1044 3079 n’est
1065 3048 1110 3096 pas
1127 3035 1292 3083 entierement

217 3116 341 3163 contraire
366 3130 413 3161 anx
440 3113 497 3160 faits
524 3112 588 3158 vrais
614 3127 645 3157 on
673 3112 807 3174 possibles‚
825 3112 872 3159 elle
891 3110 932 3158 n'a
950 3127 994 3174 pas
1011 3112 1044 3158 dn
1062 3113 1143 3159 moins
1160 3115 1199 3160 e'te'
1216 3116 1292 3163 ecrite

218 3210 262 3257 par
278 3194 302 3240 le
320 3206 476 3256 personnage
495 3191 584 3253 auquel
603 3205 636 3237 on
653 3190 793 3248 l'attribue;
811 3191 858 3238 elle
875 3191 951 3238 trahit
969 3188 1000 3238 en
1018 3192 1139 3254 plusieurs
1147 3193 1259 3241 endroits
1267 3195 1292 3242 la

219 3274 285 3320 main
312 3281 336 3320 et
363 3279 459 3318 snrtont
484 3271 510 3317 la
536 3272 627 3333 pensae
651 3269 720 3334 (sicil
739 3271 798 3317 d'un
817 3271 949 3329 saussaire,
968 3272 1106 3334 preoccupe
1123 3273 1240 3320 d’etablir
1257 3290 1290 3321 nn

218 3354 378 3414 te'nroignage
403 3350 531 3397 favor-ante
556 3366 605 3397 aux
632 3351 764 3398 Chretiens
787 3358 811 3397 et
830 3349 976 3411 d’exagerer
993 3350 1018 3396 la
1035 3350 1134 3412 rigneur
1152 3353 1195 3398 des
1212 3355 1291 3415 perse·

217 3433 343 3481 cntions.’'.
432 3430 476 3489 „Si
501 3429 554 3476 l’nn
583 3446 613 3477 en
636 3431 696 3491 juge
722 3446 768 3493 par
793 3430 816 3476 le
840 3429 924 3476 rescrit
942 3430 973 3475 de
990 3430 1150 3492 l'emperenr,
1169 3432 1239 3479 Pline
1257 3433 1291 3479 lni

218 3512 285 3560 avait
310 3511 469 3574 sirnplenrent
496 3510 610 3556 annonce
637 3509 695 3572 qu'll
721 3509 788 3555 avait
814 3508 873 3571 puni
899 3509 968 3555 selon
992 3508 1017 3555 la
1038 3509 1074 3554 loi
1100 3510 1144 3556 des
1161 3511 1293 3558 Clrretiens

218 3591 369 3652 (lenonem,¹
384 3598 407 3636 et
434 3604 533 3636 comme
549 3590 575 3635 la
592 3588 696 3649 religion
715 3587 832 3634 nouvelle
849 3587 909 3634 etait
927 3586 983 3648 <teja
1001 3602 1068 3634 assez
1086 3589 1212 3651 repandue
1229 3591 1292 3637 dans

218 3687 245 3718 sn
271 3670 390 3733 prosince
413 3677 437 3716 et
455 3669 491 3715 les
509 3667 699 3715 ‹renonciations
716 3681 854 3729 anonynres
870 3666 1025 3728 frequentes,
1044 3667 1169 3716 demanda}
1185 3669 1292 3732 l’appro·

220 3750 306 3798 bation
332 3749 363 3795 de
388 3746 538 3810 I'emperenr
565 3762 625 3793 avec
643 3761 692 3793 nne
710 3745 777 3807 regle
795 3745 826 3792 de
844 3744 963 3791 condnite
980 3760 1043 3807 pour
1059 3744 1190 3797 l’avenirf'
1208 3748 1291 3808 Quam

219 3845 278 3876 vero
312 3828 388 3874 lindie
420 3827 526 3888 legimns
560 3825 708 3890 epistulam,
739 3823 829 3886 impius
859 3823 901 3870 ille
931 3823 1044 3870 falsarius
1081 3826 1197 3873 omnibns
1221 3827 1291 3874 libris

218 3909 301 3957 intulit
328 3923 386 3955 vera
412 3907 486 3954 Plinii
513 3905 620 3970 epistula
645 3904 738 3966 ejecta:
763 3904 837 3966 idque
855 3910 913 3952 ante
932 3903 1080 3950 Tertulliani
1097 3913 1218 3954 aetatem:
1236 3909 1291 3966 „La

219 3990 294 4037 chose
311 3989 372 4036 etait
390 3988 449 4034 faite
467 3990 481 4032 a
500 3985 615 4048 l'epoque
633 3984 664 4031 de
683 3984 836 4047 Tertullien,
854 3983 896 4046 qni
913 3983 1036 4040 s'emnare
1053 4000 1110 4031 sans
1126 3987 1242 4049 scrupnle
1259 3989 1290 4034 de

219 4070 243 4116 la
260 4068 333 4115 lettre
351 4065 519 4130 apocryplre,''
537 4064 619 4111 Multo
638 4063 784 4126 prudentior
803 4063 905 4109 Aubeus
925 4062 949 4109 in
968 4061 1017 4108 fine
1035 4063 1212 4126 disputationis
1229 4066 1291 4115 haee

219 4149 302 4195 addit:
322 4146 489 4210 „Cependant
508 4145 545 4192 s’il
564 4145 615 4191 sant
633 4144 741 4205 prendre
758 4158 790 4189 nn
810 4141 874 4205 parti
892 4141 1009 4203 tranche,
1027 4142 1085 4189 bien
1103 4159 1152 4206 que
1169 4151 1224 4191 tont
1242 4161 1291 4193 enr-

219 4229 305 4274 barras
323 4242 354 4274 ne
371 4226 418 4272 soit
437 4241 480 4288 pas
498 4225 561 4286 leve,
579 4240 642 4286 pour
658 4239 722 4270 nous
739 4237 802 4268 nons
820 4220 982 4267 inclinerions
992 4220 1073 4282 plntdt
1084 4224 1218 4270 arecevoir
1228 4225 1291 4272 dans

218 4324 264 4354 son
290 4306 406 4366 integriti:
430 4305 453 4351 le
480 4311 546 4350 texte
570 4303 601 4349 de
628 4302 699 4349 Pline
719 4300 761 4364 qu’
781 4304 794 4346 a
812 4299 835 4346 le
853 4298 942 4360 rejeter
959 4301 1039 4346 meme
1059 4315 1090 4346 en
1108 4300 1204 4364 partie”
1222 4304 1248 4352 ll.
1267 4321 1291 4367 p.

219 4385 275 4442 218,
294 4385 319 4431 in
336 4391 405 4433 nota.
