3114 5130
710 506 770 569 ‚93

213 672 232 733 il
264 673 386 734 affirme
414 673 539 735 ailleurs
561 673 660 754 qu’un
687 673 789 753 grand
814 674 948 735 nombre
972 673 1049 735 chez
1073 674 1117 735 103
1141 675 1241 736 Grecs
1261 684 1295 736 et

212 800 288 861 chez
312 800 357 860 les
381 801 532 862 barbares
557 810 613 862 ont
638 800 801 861 embrasse
825 800 853 861 le
875 799 1128 875 Christianisme,
1141 810 1172 861 et
1185 800 1292 861 donne

212 936 297 989 cette
320 927 467 988 111111131011
491 927 601 1008 rapide
624 927 664 989 de
688 927 717 987 la
742 926 874 1006 religion
900 926 1047 987 nouvelle
1067 945 1149 1007 pour
1163 947 1224 986 une
1236 927 1293 987 des

213 1181 296 1242 disse
319 1179 472 1255 sufficiat,
497 1181 605 1241 omnia
625 1200 709 1261 quae
729 1179 882 1241 adversus
896 1200 1048 1259 magnam
1062 1179 1147 1240 illam
1160 1178 1293 1241 Christi-

212 1328 348 1369 anorum
380 1307 617 1368 multitudinem
649 1306 832 1367 adferantur
862 1305 935 1367 huic
967 1305 1176 1366 fundamento
1204 1305 1293 1367 inniti

212 1452 322 1513 parem
348 1452 519 1493 numerum
542 1433 573 1494 in
598 1442 667 1493 tota
693 1433 856 1512 provincia
880 1441 1042 1512 repertum
1066 1453 1151 1507 esse,
1177 1434 1196 1493 i.
1209 1453 1235 1492 e.
1262 1433 1292 1492 in

212 1559 350 1641 epistula
374 1560 462 1620 Plinii
484 1560 524 1620 de
549 1560 696 1620 universa
716 1559 880 1638 provincia
893 1558 1065 1637 Bithyniae
1077 1568 1109 1619 et
1123 1559 1215 1620 Ponti
1228 1559 1290 1638 agi,

213 1705 277 1746 non
302 1705 379 1745 vero
402 1685 443 1746 de
465 1694 557 1765 parte
581 1693 717 1747 tantum.

261 1813 308 1875 At
331 1811 406 1872 illud
430 1831 634 1892 nequaquam
659 1831 771 1872 verum
796 1831 865 1872 esse
888 1812 1012 1892 opinor.

259 1937 405 2013 Etenim,
432 1947 467 2000 ut
489 1948 583 1999 acute
601 1938 680 2000 vidit
700 1937 843 2017 Arnold,
859 1935 883 2021 ²)
905 1935 973 2023 (qui
986 1936 1047 2000 hac
1060 1939 1089 1998 in
1102 1940 1292 2019 quaestione

214 2086 288 2127 cum
323 2066 528 2127 Mommseno
564 2066 671 2146 potius
697 2086 795 2146 quam
820 2086 893 2127 cum
918 2066 1055 2127 Boissier
1078 2064 1163 2144 facit)
1188 2068 1292 2147 priore

214 2193 382 2272 legationis
411 2212 496 2253 anno
520 2192 637 2253 Plinius
661 2192 728 2253 illas
751 2193 933 2273 provinciae
956 2202 1065 2272 partes
1088 2192 1184 2266 obiit,
1207 2213 1291 2272 111100

214 2319 412 2380 occidentem
436 2318 536 2380 solem
561 2328 725 2399 spectant,
750 2328 782 2381 et
806 2319 944 2397 Aegaeo
964 2319 1044 2380 Mari
1065 2319 1291 2399 Hellesponto-

214 2467 279 2527 que
318 2444 481 2525 adjacent:
519 2446 619 2508 altero
653 2446 784 2507 demum
819 2446 949 2506 orientis
986 2446 1131 2524 regiones
1165 2445 1291 2506 videtur

214 2586 418 2653 peragrasse,
451 2572 607 2653 siquidem
643 2572 852 2652 epistularum
888 2571 1005 2647 ordini,
1038 2592 1119 2653 quas
1143 2592 1184 2632 ex
1209 2582 1291 2633 tem-

214 2719 329 2780 porum
353 2699 529 2760 rationibus
554 2699 725 2778 dispositas
749 2718 818 2759 esse
842 2678 971 2760 summo
991 2700 1138 2759 acumine
1155 2673 1289 2779 conjecit

214 2826 453 2898 MommsenuS,
478 2823 557 2884 fides
581 2823 630 2884 vel
656 2823 718 2885 ulla
742 2823 891 2885 habenda
915 2834 972 2886 est.

260 2952 323 3012 lter
353 2971 429 3011 vero
460 2949 552 3024 illud,
578 2959 613 3011 ut
637 2949 793 3030 probabili
818 2950 1001 3029 conjectura
1027 2971 1069 3011 ex
1094 2951 1205 3012 iisdem
1226 2952 1291 3032 epi-

215 3078 304 3138 stulis
327 3077 501 3157 colligitur,
523 3097 579 3157 per
602 3077 688 3137 viam
712 3077 784 3138 lecit
807 3097 891 3157 quae
914 3077 1075 3158 Iuliopoli,
1102 3079 1293 3157 Ancyram,

216 3202 381 3281 Gangram
413 3211 445 3263 et
468 3201 608 3282 Sinopen
634 3202 789 3278 ducebat,
814 3224 851 3264 ac
875 3203 1006 3264 tandem
1030 3224 1087 3284 per
1111 3205 1289 3266 Amaseam

216 3329 367 3389 Amisum
399 3338 431 3390 ct
455 3330 486 3389 in
510 3338 631 3390 ceteras
656 3328 736 3389 illius
760 3349 834 3389 orae
860 3330 1006 3390 civitates
1030 3329 1155 3390 videtur
1178 3351 1289 3410 perve-

215 3455 307 3515 nisse.
321 3456 357 3514 ln
370 3455 514 3535 partibus
527 3464 636 3516 autem
649 3454 706 3514 illis
719 3455 795 3516 satis
807 3454 861 3515 diu
875 3455 1064 3516 immoratus
1078 3465 1127 3516 est
1135 3455 1291 3540 Pliniusl),

215 3600 314 3663 quare
341 3579 427 3642 haud
452 3581 611 3642 immerito
635 3581 814 3660 suspicatur
837 3579 963 3640 Arnold
988 3589 1020 3640 et
1045 3580 1291 3642 mediterraneas

215 3709 359 3770 civitates
383 3728 457 3768 eum
485 3707 616 3782 adiisse,
642 3707 671 3766 in
695 3705 812 3787 quibus
836 3716 926 3768 erant
950 3706 1104 3786 Amasea,
1129 3707 1290 3785 Comana,

218 3917 409 3925 .-—-.

251 4064 270 4126 ¹)
289 4065 397 4112 1111133101·
420 4065 507 4111 1101110
532 4062 734 4124 Archeologique
754 4061 827 4110 Tom.
846 4071 873 4121 31
895 4077 919 4124 p.
941 4073 995 4109 122.
1013 4061 1055 4111 011.
1074 4061 1177 4122 Origen.
1196 4063 1291 4111 Contra

214 4145 272 4191 Cels
290 4144 300 4190 1
318 4143 358 4202 26,
376 4155 416 4205 27,
435 4143 476 4190 111
498 4155 533 4203 10,
553 4149 602 4190 etc.
830 4150 832 4154 “

249 4220 270 4286 ²)
289 4222 387 4269 Arnold
404 4221 431 4269 ll.
449 4237 490 4284 pp,
508 4220 540 4268 26
558 4237 595 4283 sq.

249 4300 267 4358 ³)
287 4288 333 4365 Ep.
351 4302 380 4350 T.
399 4314 431 4360 90
449 4301 479 4347 110
497 4300 673 4363 Sinopensium
692 4299 861 4362 aquaeductu,
888 4299 934 4360 Ep,
954 4299 983 4346 T.
1002 4312 1048 4345 110
1064 4299 1095 4346 de
1111 4298 1288 4346 Amisenorum

215 4381 393 4429 donationibus
410 4380 504 4429 scribit,
