3114 5130
680 481 807 557 ⁷87

245 664 389 742 ingressu
421 665 640 744 proposuisse,
673 665 717 726 ita
749 676 784 727 ut
814 665 1044 745 Imperatorem
1073 664 1260 726 nominatim
1285 665 1325 724 de

245 790 307 852 hoc
337 790 442 852 edicto
474 791 640 853 certiorem
668 792 799 854 reddere
824 793 953 853 minime
976 813 1058 873 opus
1081 801 1173 853 esset.
1200 791 1326 852 Deinde

245 919 316 998 quis
341 937 495 999 umquam
516 918 680 980 contendit
700 938 812 981 omnes
832 919 963 980 omnino
982 918 1070 980 Plinii
1090 919 1130 979 ad
1148 916 1324 998 Trajanum

244 1043 396 1124 epistulas
427 1043 468 1104 ad
500 1064 558 1104 nos
588 1045 790 1124 pervenisse?
812 1033 916 1127 Quod
946 1055 1054 1107 autem
1079 1045 1216 1108 affirmat
1238 1044 1323 1106 idem

243 1172 290 1232 vir
320 1172 451 1233 doctus:
484 1171 535 1248 „le
566 1171 620 1232 fait
651 1171 719 1232 seul
747 1171 787 1232 de
810 1193 844 1232 se
866 1173 971 1233 reunir
993 1172 1023 1232 la
1047 1172 1115 1233 nuit
1137 1172 1223 1237 avait
1245 1192 1323 1232 con-

243 1299 340 1361 stitue
365 1319 406 1359 un
426 1300 523 1360 crime
543 1298 582 1359 de
603 1298 815 1377 lese-majeste‘
835 1308 868 1360 et
887 1300 1054 1379 provoques
1073 1299 1113 1359 de
1134 1308 1206 1361 tout
1217 1308 1323 1379 temps

244 1424 459 1506 l’application
495 1425 592 1487 d'une
615 1426 656 1486 loi
681 1425 886 1506 rigoureuse''
911 1447 950 1487 eo
973 1427 1043 1508 ipso
1066 1425 1210 1489 facillime
1232 1427 1323 1488 intel-

243 1553 369 1634 ligimus
392 1554 526 1616 Plinium
552 1553 748 1616 Christianos
771 1563 836 1614 tam
857 1553 1009 1634 gravibus
1029 1553 1139 1633 poenis
1159 1553 1321 1628 adfecisse,

242 1701 279 1742 ac
310 1680 459 1756 demum,
488 1702 562 1742 cum
587 1682 616 1742 in
640 1681 706 1742 dies
731 1681 853 1761 plures,
879 1701 999 1761 eosque
1022 1679 1168 1740 homines
1193 1679 1322 1740 minime

243 1809 357 1869 noxios
392 1808 433 1868 ad
467 1829 501 1868 se
536 1808 660 1870 delatos
690 1808 828 1883 videret,
862 1809 902 1869 ad
928 1806 1175 1868 misericordiam
1199 1805 1321 1868 flexum

242 1934 282 1995 ad
305 1935 538 2015 Imperatorem
562 1955 691 1996 causam
714 1935 866 1997 retulisse.

286 2059 574 2139 „Sacramentum”
599 2084 730 2143 quoque
753 2062 829 2123 illud
849 2063 889 2123 de
901 2084 966 2142 quo
978 2063 1086 2124 scribit
1107 2062 1222 2123 Plinius
1234 2060 1321 2122 haud

242 2188 376 2268 exiguas
406 2187 517 2249 turbas
549 2189 630 2249 inter
661 2188 745 2248 viros
772 2189 887 2250 doctos
911 2189 1072 2250 excitavit.
1105 2187 1201 2270 Quod
1225 2207 1321 2248 voca-

242 2314 352 2375 bulum
372 2314 514 2395 plerique
534 2316 744 2395 interpretum
765 2313 900 2375 Plinium
921 2337 963 2375 ex
975 2313 1162 2377 Christianis
1174 2314 1319 2375 auditum

240 2461 408 2521 perperam
428 2440 620 2504 intellexisse
640 2441 827 2521 opinantur,
848 2450 1016 2520 tamquam
1028 2440 1249 2520 jusjurandum
1263 2461 1319 2501 seu

240 2577 476 2629 sacramentum
509 2569 636 2648 proprie
667 2568 789 2630 dictum
821 2567 1031 2648 significaret;
1056 2569 1100 2630 ita
1122 2566 1318 2648 Longolius,

240 2692 416 2768 Schaeffer‚
439 2714 496 2755 nec
517 2715 579 2754 non
603 2679 783 2774 nuperrime
795 2694 927 2774 Hardy:
942 2694 1055 2775 „Pliny
1067 2694 1230 2775 evidently
1242 2696 1319 2757 cites

239 2820 294 2882 the
318 2821 405 2881 word
429 2811 532 2881 which
557 2819 647 2881 these
670 2819 846 2883 Christiane
870 2819 1064 2882 themselves
1088 2821 1181 2882 made
1202 2842 1258 2882 use
1278 2821 1319 2882 os.

239 2947 291 3008 He
314 2968 418 3008 seems
443 2957 476 3008 to
502 2947 697 3009 understand
721 2948 745 3008 it
765 2948 802 3007 in.
816 2948 856 3009 its
876 2947 1027 3026 ordinary
1046 2967 1139 3008 sense
1151 2968 1186 3008 as
1198 2969 1216 3008 a
1228 2948 1320 3028 quasi

239 3071 377 3152 military
408 3072 503 3148 oath,
534 3072 653 3134 similar
680 3083 714 3135 to
744 3073 814 3135 that
846 3073 943 3135 taken
970 3074 1014 3154 by
1038 3073 1093 3136 the
1116 3073 1317 3136 Catilinarian

238 3200 461 3280 conspiratum,
487 3220 523 3260 or
546 3199 639 3261 those
662 3200 841 3262 concerned
865 3199 974 3263 in'the
997 3198 1229 3263 Bacchanalia'’
1245 3198 1282 3275 ¹).

283 3327 331 3388 At
358 3327 516 3388 sententia
540 3324 619 3388 haec
643 3348 705 3387 non
732 3328 863 3388 omnino
888 3327 1055 3408 probanda
1080 3327 1156 3388 mihi
1179 3328 1316 3391 videtur.
1369 3353 1372 3356 ’

238 3453 348 3534 Quum
380 3454 464 3513 enim
496 3453 595 3514 Plinio
627 3474 701 3515 cum
733 3453 936 3529 Christianis,
965 3454 1019 3534 qui
1044 3453 1167 3516 Graeca
1191 3456 1318 3535 potissi·

239 3598 327 3638 mum
351 3578 460 3659 lingua
484 3589 648 3641 uterentur
672 3600 721 3640 res
745 3578 846 3655 esset,
872 3578 958 3640 haud
982 3579 1070 3641 facile
1093 3581 1219 3643 videtur
1231 3582 1315 3644 illam

237 3725 351 3765 vocem
377 3706 495 3790 (eaque
519 3705 751 3786 significatione
774 3704 966 3790 adhibitam)
990 3728 1032 3769 ex
1051 3707 1175 3769 illorum
1193 3730 1248 3771 ore
1260 3731 1317 3772 ex-

237 3833 351 3913 cipere,
375 3833 493 3894 nedum
518 3833 586 3915 ipse
610 3835 750 3896 invenire
773 3836 926 3916 potuisse.
942 3833 969 3918 q)
993 3837 1041 3899 At
1066 3857 1129 3897 non
1149 3837 1221 3898 inde
1241 3858 1315 3899 cum

207 4148 212 4157 ·
275 4135 293 4194 ¹)
314 4136 401 4197 llardy
430 4152 451 4186 a.
470 4137 494 4185 l1.
513 4135 529 4184 l.
548 4137 587 4184 lta
605 4153 704 4200 quoque
723 4139 848 4186 Puteanus
867 4137 892 4188 ll.
910 4155 935 4201 p.
957 4150 1014 4199 192:
1033 4137 1266 4199 „Sacraurentur1r''.

236 4216 295 4262 c'est
313 4214 336 4262 le
355 4231 411 4262 sens
428 4213 573 4262 Chretiens:
591 4217 757 4264 sacrernent’'.

270 4294 290 4353 '²1
309 4294 349 4342 vd.
376 4293 464 4340 Variot
491 4294 553 4341 haec
580 4295 699 4357 adnotat,
723 4295 749 4344 ll.
768 4313 793 4358 p.
813 4307 858 4357 143
886 4301 992 4343 notua:
1018 4295 1058 4354 „ll
1077 4294 1118 4358 11'y
1136 4296 1205 4346 dvalt
1222 4312 1266 4359 pas
1283 4297 1315 4346 de

236 4380 345 4423 serment
363 4371 459 4439 prolere'
477 4373 540 4420 dans
557 4373 593 4421 les
611 4374 726 4421 reunions
744 4375 788 4423 des
806 4374 944 4425 Chretiens.
961 4374 983 4421 Il
998 4383 1035 4422 est
1050 4375 1172 4440 probable
1187 4391 1235 4441 que
1244 4376 1316 4426 Pline
