3114 5130
759 468 795 528 81

442 692 447 702 .
468 693 471 701 .
493 693 495 699 .
517 671 522 680 ·
544 691 707 713 .......
709 656 842 702 damnatus
859 655 928 703 inani

439 745 555 804 „Iudicio
574 744 644 806 (quid
663 745 729 791 eninr
748 745 823 792 salvis
840 745 943 792 infamia
962 745 1096 804 nurnmisi)

438 836 532 896 „Exsul
551 836 583 884 ab
601 843 692 884 octava
709 837 803 906 Manus
820 837 885 884 bibit
903 844 928 884 et
946 836 1034 884 fruitur
1052 837 1089 884 dis

439 929 545 988 „iratist
563 937 588 976 at
607 937 646 988 tu,
665 929 753 976 victrix
771 929 913 992 provincia,
932 929 1016 991 ploras
1023 930 1046 976 !'’
1057 929 1075 989 ¹)

286 1095 378 1176 Quae
420 1114 497 1155 sane
531 1095 722 1168 ostendunt,
757 1086 808 1155 uel
843 1070 1078 1170 innocentium,
1112 1094 1162 1155 vel
1196 1095 1313 1155 civium

243 1221 462 1282 Romanorum
483 1221 653 1302 supplicia,
675 1243 714 1283 nc
730 1220 874 1301 Trajano,
882 1224 1011 1304 quidem
1025 1224 1203 1303 imperante
1216 1222 1313 1302 vulgo

241 1349 321 1409 tanti
351 1348 434 1409 facta
458 1368 541 1408 esse:
567 1383 608 1392 -
632 1349 709 1428 quid
733 1348 774 1408 de
797 1347 1035 1436 humiliQribus‚
1061 1349 1137 1429 quid
1160 1349 1200 1409 de
1224 1369 1314 1429 pere-

241 1475 353 1553 grini5‚
378 1474 454 1554 quid
477 1474 518 1534 de
540 1473 726 1535 Christianis
750 1475 953 1535 sentiendum
978 1475 1151 1554 putemus?
1165 1474 1190 1555 ν2)

285 1602 359 1662 Non
384 1601 480 1681 igitur
503 1601 678 1681 quidquam
699 1601 911 1662 exclamando
923 1601 1088 1683 proficitur
1098 1603 1233 1663 Plinium
1246 1613 1314 1664 tam

241 1730 415 1790 immanem
442 1749 511 1789 esse
535 1749 598 1789 non
622 1730 780 1808 potuisse!
806 1729 930 1790 Eadem
954 1730 1039 1789 enlm
1065 1765 1104 1773 -
1130 1739 1165 1790 ut
1188 1730 1314 1810 saepius

235 1856 302 1936 jam
327 1856 436 1917 monui
460 1892 503 1901 -
526 1876 639 1916 omnes
659 1842 858 1917 Christianae
869 1854 1029 1934 religionis
1040 1854 1222 1915 defensores
1234 1854 1315 1914 illius

240 1985 355 2047 aetatis
380 2004 444 2044 uno
465 1960 522 2044 ore
543 1993 719 2058 testantur,
741 2003 823 2063 quos
844 1983 901 2043 nisi
920 1983 991 2062 quis
1003 2001 1116 2042 omnes
1128 1983 1246 2062 pariter
1256 1981 1315 2042 irn-

241 2112 470 2192 pudentissime
505 2111 657 2171 mentitos
680 2128 750 2168 esse
774 2108 987 2182 contenderit,
1013 2127 1076 2167 non
1101 2106 1260 2187 estquod
1284 2107 1314 2165 in

215 2233 343 2298 Plinii*
363 2234 480 2313 „actu”
518 2233 570 2319 (ut
604 2234 732 2313 Trajani
763 2233 922 2294 vocabulo
953 2231 1039 2317 utar)
1066 2233 1246 2293 incredibile
1270 2234 1315 2292 in-

241 2361 398 2442 venenu
1308 2343 1309 2348 ἵ

284 2492 387 2567 „Mox
428 2491 498 2569 ipso
539 2498 697 2562 tractatu,
742 2497 777 2548 ut
814 2486 881 2548 fieri
912 2487 1009 2561 solet,
1049 2487 1246 2548 diffundente
1281 2507 1315 2546 se

239 2619 382 2691 crimine,
409 2615 515 2697 plures
539 2615 661 2695 species
685 2615 873 2675 inciderunt·
907 2611 1095 2694 Propositus
1119 2624 1167 2675 est
1191 2612 1314 2674 libellus

239 2745 306 2804 siue
337 2753 468 2804 auctore
498 2742 673 2803 multorum
706 2741 835 2801 nomina
860 2741 1036 2801 continens,
1062 2740 1125 2821 Qui
1150 2740 1314 2820 negabant

240 2892 309 2932 esse
339 2891 373 2931 se
404 2870 600 2932 Christianos
630 2877 686 2929 aut
713 2868 823 2942 fuisse,
858 2886 931 2927 cum
963 2877 1138 2947 praeeunte
1162 2887 1213 2927 me
1237 2867 1315 2928 deos

240 2997 454 3079 appellarent,
478 3007 510 3058 et
534 2997 663 3075 imagini
688 3005 779 3070 tuae,
803 3014 902 3076 quam
926 3004 1058 3074 propter
1077 2993 1145 3073 hoc
1155 2993 1312 3074 jusseram

240 3145 312 3186 cum
337 3122 511 3186 simulacris
532 3123 697 3182 numinum
719 3121 846 3196 adferri,
868 3130 939 3182 ture
951 3141 988 3182 ac
1001 3122 1075 3182 vino
1088 3122 1312 3202 supplicarent,

240 3262 404 3332 praeterea
428 3248 511 3310 male
537 3250 677 3310 dicerent
701 3246 845 3322 Christo,
869 3268 1007 3328 quorum
1033 3247 1107 3308 nihil
1127 3250 1199 3328 cogi
1219 3269 1315 3329 posse

239 3379 388 3440 dicuntur
429 3377 484 3457 qui
525 3384 600 3436 sunt
635 3394 744 3435 revera
779 3372 965 3447 Christiani,
1002 3375 1209 3436 dimittendos
1245 3396 1315 3436 esse

240 3503 383 3586 putavi.'’

242 3724 434 3732 ---——-

276 3877 294 3936 ¹)
312 3877 423 3928 Iuvenal.
442 3877 495 3927 Sat,
513 3877 532 3926 I.
551 3893 591 3925 vv.
608 3885 716 3938 47·-50.

272 3958 293 4019 ’·’)
312 3961 344 4006 Et
362 3965 420 4020 apte
437 3957 570 4004 contuleris
587 3956 651 4003 Plin.
671 3956 717 4017 Ep.
734 3953 797 4000 VIII
818 3967 855 4014 14,
873 3954 905 4000 de
922 3953 1018 4001 libertis
1035 3953 1131 4000 domini
1149 3953 1281 4003 interlecti.

272 4039 292 4096 3)
311 4041 350 4085 De
375 4038 414 4083 his
440 4037 557 4083 omnibns
584 4035 627 4085 clr.
653 4043 677 4082 et
704 4034 811 4080 Boissier
832 4035 892 4080 Rev,
912 4033 956 4079 des
974 4033 1038 4079 deux
1056 4033 1164 4080 Mondes
1181 4033 1253 4082 Tom.
1276 4045 1312 4092 14.

237 4117 323 4178 (1876)
342 4134 365 4179 p.
384 4115 441 4165 816.
460 4117 514 4162 Rev
540 4115 657 4164 Archeol.
675 4115 748 4161 Tom.
768 4125 796 4174 31
817 4130 833 4175 p
863 4125 916 4162 120.

273 4197 371 4244 Arnold
389 4196 407 4242 ll
433 4213 474 4259 pp.
492 4208 521 4256 41
541 4211 587 4258 sqq

272 4277 361 4324 Allard
379 4277 405 4324 ll.
423 4292 447 4338 p.
467 4275 585 4324 XXXIV.

271 4357 358 4403 Variot
375 4355 402 4404 ll.
419 4371 443 4418 p.
464 4367 518 4414 140.
