3114 5130
814 467 850 527 18

292 653 500 736 „oculatum”
543 657 653 735 (quem
691 655 815 735 dicunt)
851 656 1037 736 producam.
1079 656 1210 718 Etenim
1252 657 1367 718 eodem

292 785 401 845 codiee
437 803 513 843 usus
548 793 596 843 est
632 781 810 844 Gulielmus
841 782 1008 855 BudaeuS,
1029 781 1290 861 juriscorisultuS‚
1315 785 1369 863 qui

292 913 339 972 vir
362 921 519 991 quantum
541 910 570 969 in
595 910 798 989 antiquarum
823 909 999 970 litterarum
1023 909 1135 970 studiis
1159 919 1191 970 et
1215 910 1317 971 laudis
1337 921 1370 971 et

292 1039 396 1098 lamae
423 1038 463 1098 sit
486 1038 624 1118 adeptus
648 1057 742 1097 nemo
767 1038 883 1111 nescit,
909 1039 953 1098 ita
978 1047 1013 1098 ut
1037 1038 1078 1097 de
1102 1039 1170 1118 ipso
1194 1038 1284 1118 plura
1308 1038 1369 1100 hoc

292 1163 363 1223 loco
394 1163 511 1222 addere
542 1182 624 1242 opus
653 1182 715 1221 non
741 1163 791 1222 sit.
816 1161 978 1242 Quoniam
1004 1182 1079 1222 vero
1103 1161 1139 1222 L.
1165 1160 1320 1224 Schaedel
1341 1165 1368 1243 ¹)

293 1290 474 1370 nuperrime
498 1289 628 1368 negavit
652 1288 773 1349 Budaei
798 1289 1017 1349 testimonium
1042 1289 1071 1348 in
1095 1287 1155 1350 hac
1175 1301 1370 1351 causarecte

291 1415 409 1493 afferri,
434 1415 484 1476 vel
507 1415 621 1476 saltem
644 1414 810 1494 scrupulos
834 1414 956 1495 aliquot
977 1414 1067 1474 nobis
1091 1414 1215 1493 injicere
1234 1427 1369 1477 conatus

292 1554 357 1618 est,
393 1543 423 1603 in
458 1563 495 1603 ea
530 1562 614 1623 quae
647 1540 710 1602 huc
741 1542 900 1621 pertinent
931 1541 1112 1620 diligentius
1146 1542 1368 1622 inquirendum

292 1690 362 1730 esse
386 1688 512 1730 censen.

338 1796 468 1858 Etenim
490 1796 520 1855 in
539 1794 839 1872 „Annotationibus
851 1795 892 1854 ad
904 1793 1113 1869 pandectas&
1128 1797 1182 1875 qui
1195 1795 1273 1857 liber
1285 1817 1369 1858 anuo

298 1923 380 2000 1508
405 1922 542 2002 primum
568 1920 673 1982 editus
696 1931 754 1994 est,
776 1919 863 1982 haud
883 1941 954 1981 raro
975 1921 1125 1982 Budaeus
1137 1922 1290 2003 epistulas
1302 1923 1370 1985 illas

293 2049 380 2109 Plinii
410 2048 460 2124 ad·
482 2047 657 2127 Trajauum
689 2048 919 2127 Imperatorem
951 2047 1076 2122 laudat,
1110 2051 1236 2129 saepius
1259 2062 1368 2112 autem

294 2174 401 2236 addit:
427 2194 503 2251 „eas
524 2175 554 2235 in
576 2174 660 2235 libris
684 2175 845 2255 impressis
869 2185 925 2237 aut
951 2195 1013 2236 non
1038 2176 1099 2255 legi
1122 2187 1179 2238 aut
1202 2198 1367 2258 perperam

293 2300 387 2382 legi.’'
415 2303 460 2365 Ut
484 2303 568 2362 enim
585 2301 653 2381 jam
666 2301 841 2381 significavi
854 2352 860 2376 ,
872 2318 916 2379 40
929 2304 1049 2384 priores
1061 2304 1146 2378 libri,
1159 2305 1214 2385 qui
1226 2314 1367 2378 vocatur,

294 2430 406 2490 decimi
421 2428 585 2509 ¹epistulae
610 2429 639 2488 in
664 2429 699 2489 iis
724 2429 916 2490 editionibus
941 2450 1024 2510 quae
1048 2441 1122 2491 ante
1140 2433 1221 2508 1508
1236 2433 1370 2492 emissae

294 2567 383 2618 erant
413 2556 691 2617 desiderabantur:
724 2577 777 2617 eas
808 2557 892 2637 ipsas
917 2577 992 2616 vero
1018 2557 1167 2617 Budaeus
1191 2558 1372 2638 frequenter

295 2683 412 2744 attulit.
427 2681 453 2763 ⁹)
1088 2670 1090 2673 ’

338 2808 430 2870 Patet
465 2808 631 2868 Budaeum
664 2807 731 2868 illas
763 2828 805 2868 ex
836 2807 958 2868 Aldino
988 2807 1068 2868 libro
1091 2808 1281 2888 depromere
1306 2830 1369 2870 non

295 2935 455 3014 potuisse,
500 2935 620 3014 quippe
664 2934 717 3012 qui
761 2953 869 2994 mense
904 2935 1035 2994 demum
1070 2934 1248 2995 Nouembri
1289 2940 1370 3012 1508

297 3062 441 3122 Veneriis
476 3061 516 3121 sit
550 3060 670 3134 editus,
707 3081 780 3120 cum
813 3061 961 3120 Budaeus
992 3061 1115 3121 Parisiis
1148 3062 1247 3141 pridie
1271 3083 1371 3122 nonas

332 3323 350 3382 ¹)
369 3323 492 3371 Schaedel
508 3323 534 3372 ll.
552 3340 576 3386 p.
596 3334 617 3383 7.

331 3401 350 3462 ²)
370 3401 496 3465 Epistulas
531 3400 585 3448 illas
622 3400 734 3447 nondum
766 3401 845 3447 editas¹
871 3405 911 3460 (ex
941 3411 1004 3448 10¹¹¹U
1031 3403 1107 3464 lilim)
1136 3403 1173 3449 liis
1199 3403 1261 3450 lucis
1286 3405 1372 3452 laudat

296 3481 411 3528 Budaeus
430 3481 524 3529 Anuot.
543 3480 568 3527 in
587 3480 665 3527 l'and.
690 3480 736 3528 Erl.
755 3480 880 3529 Novemb.
901 3479 971 3542 1508.

329 3559 372 3608 fol.
399 3573 428 3619 19
453 3566 520 3606 recto
540 3576 561 3606 v.
584 3571 592 3605 1
614 3562 654 3614 l:
673 3558 707 3605 sol
734 3571 766 3606 22
793 3559 839 3608 lid.
860 3558 940 3621 1516.)
957 3594 1032 3618 „....
1049 3561 1147 3608 el'liceie
1169 3562 1284 3608 volumus
1303 3570 1328 3608 ut
1347 3561 1371 3607 iu

295 3639 390 3689 Plinio:
403 3635 521 3700 „Fundos
531 3639 707 3701 emancipaviu
719 3677 723 3688 .
736 3673 759 3688 ..
777 3637 977 3686 consummavit''
995 3641 1028 3700 (Γ
1054 3655 1077 3700 4,
1098 3641 1142 3689 lirl.
1165 3641 1239 3689 Keil.

328 3716 370 3765 101.
395 3716 427 3763 26
452 3722 493 3775 l:
517 3715 559 3762 sol.
584 3729 616 3777 30
639 3717 686 3766 Ed,
713 3716 786 3778 1516)
805 3716 918 3775 „Plinius
936 3717 967 3763 arl
986 3717 1122 3779 Trajanum
1142 3719 1229 3781 episto.
1254 3718 1370 3778 vigesima

295 3797 376 3859 prima
393 3810 456 3858 quae
475 3796 551 3856 vulgo
569 3811 619 3843 non
639 3795 773 3858 reperitur:
791 3795 876 3855 „Quid
894 3811 953 3856 ergo
1030 3797 1062 3844 nil
1081 3799 1221 3861 exemplum
1231 3794 1247 3818 ''
1265 3797 1304 3855 (T.
1323 3803 1371 3855 29).

328 3873 370 3923 fol.
392 3884 446 3934 105.
463 3879 506 3935 (ε
523 3872 567 3923 sol.
587 3887 632 3933 124
650 3874 697 3922 Ed.
716 3873 803 3936 1516l:
821 3874 933 3932 „Plinius
950 3875 981 3922 ad
999 3876 1134 3938 'l'rnjnnum
1152 3877 1175 3922 in
1185 3875 1255 3922 libris
1264 3874 1373 3935 integris:

294 3952 380 4011 „lluic
398 3951 520 4002 theatro..
573 3967 676 3999 caream
697 3953 736 4008 (T.
756 3957 806 4013 39).

330 4031 473 4078 liditionem
492 4031 558 4078 lianc
576 4031 671 4078 Budaei
690 4032 789 4078 Parisiis
811 4030 873 4093 1508
891 4032 998 4091 editam,
1017 4049 1101 4096 qnam,
1118 4033 1372 4080 inlrililiolliecisnon

296 4110 394 4173 paucis,
420 4126 476 4156 eum
500 4110 595 4173 patriae
619 4121 717 4156 nostrae
741 4119 793 4156 tum
818 4110 940 4157 Bruxellis
962 4123 985 4158 01
1005 4113 1101 4158 Romae
1119 4112 1209 4158 frustra
1227 4112 1374 4173 quaesitam,

296 4189 455 4236 enulitissimi
473 4189 546 4236 amici
565 4205 641 4253 opera
659 4189 757 4235 Parisiis
776 4189 860 4235 inveni
876 4191 1008 4246 (nullium.
1028 4192 1126 4238 ,11111011
1145 4192 1257 4239 lili-erne,
1277 4191 1374 4249 111141

295 4269 438 4332 saepissime
464 4270 550 4316 laudat
577 4269 747 4325 Schaedelius‚
774 4269 833 4324 sed,
860 4277 885 4315 ut
907 4269 968 4316 milri
993 4271 1089 4318 ridetur
1112 4272 1217 4317 omnino
1237 4285 1373 4332 perpermn.

295 4348 401 4395 Numeri
417 4348 484 4394 enim
503 4346 620 4395 foliorum
638 4363 701 4411 quos
718 4346 797 4405 affert,
815 4363 866 4394 non
884 4347 1016 4410 quadrant.
