3114 5130
749 445 818 523 121⁴

237 648 269 708 in
281 647 455 709 editionem
471 668 562 709 suam
584 649 770 729 recepisset,
784 667 887 729 neque
899 649 967 727 ipse
979 646 1160 708 Catanaeus
1173 645 1204 706 in
1216 644 1315 706 altera

238 773 376 835 editione
400 775 538 855 priorem
562 774 732 836 lectionem
756 773 852 854 longe
876 775 1034 835 deteriore
1057 783 1223 834 mutasset.

281 898 345 962 Sed
380 921 485 981 neque
516 921 558 962 ex
585 900 742 982 prioribus
765 899 958 962 editionibus
982 900 1096 960 eadem
1119 898 1255 978 recepit,
1280 906 1315 958 ut

237 1048 280 1088 ex
302 1029 370 1108 ipsa
393 1027 566 1089 lectionum
589 1028 743 1089 varietate
766 1026 847 1089 illico
871 1035 970 1107 patet.

281 1153 397 1215 Restat
427 1154 523 1233 igitur
547 1156 583 1214 ul
606 1162 662 1215 aut
685 1154 753 1235 ipse
777 1153 977 1228 Catanaeus,
1002 1161 1062 1213 aut
1086 1151 1136 1211 ille
1159 1150 1214 1230 qui
1237 1169 1315 1229 apo-

238 1277 398 1359 graphum
428 1299 470 1339 ex
501 1280 635 1341 Avantii
664 1290 720 1341 aut
747 1280 778 1340 P.
805 1279 943 1340 Leandri
971 1276 1095 1340 schedis
1118 1278 1314 1357 descriptum

237 1405 268 1465 in
298 1405 451 1467 Catanaei
479 1427 572 1467 usum
596 1406 747 1486 confecit,
772 1405 971 1485 conjectura,
998 1424 1103 1485 neque
1126 1404 1176 1465 illa
1199 1423 1313 1484 parum

237 1532 418 1611 ingeniosa,
443 1531 522 1593 haec
546 1533 768 1612 exogitaverit.
788 1534 817 1613 ¹)

283 1657 398 1738 Neque
430 1678 507 1719 vero
541 1659 635 1740 plane
664 1659 833 1740 desperare
857 1658 933 1720 mihi
957 1658 1084 1738 videor,
1110 1656 1175 1718 ficri
1200 1678 1312 1737 posse,

240 1793 275 1844 ut
294 1782 496 1864 aliquatenus
508 1784 621 1846 saltem
635 1785 792 1866 probabili
805 1783 988 1864 conjectura
1000 1804 1220 1864 assequamur,
1234 1804 1314 1864 quo-

238 1910 336 1971 modo
360 1910 542 1972 emendatio
567 1911 637 1972 talis
659 1910 823 1973 Catanaeo
845 1912 875 1971 in
888 1920 1032 1971 mentem
1045 1910 1152 1971 venire
1164 1911 1313 1990 potuerit.

282 2036 445 2118 Quidnam
470 2039 500 2098 in
525 2038 635 2099 codice
657 2038 798 2099 Parisino
819 2048 851 2099 et
874 2038 904 2098 in
918 2038 950 2100 P.
964 2037 1103 2098 Leandri
1115 2047 1172 2098 aut
1184 2037 1313 2098 tandem

239 2163 391 2226 Catanaei
427 2161 551 2224 schedis
586 2161 684 2249 (quae
709 2174 740 2226 et
764 2165 851 2245 ipsae
875 2185 917 2224 ex
940 2164 1049 2225 codice
1073 2165 1213 2226 Parisino
1235 2165 1315 2225 deri-

237 2290 367 2373 vantur)
387 2289 506 2351 lectum
531 2290 582 2364 sit,
607 2289 755 2369 equidem
780 2289 900 2369 ignoro¹
927 2288 991 2350 Sed
1015 2299 1125 2351 tamen
1149 2298 1235 2352 certe
1258 2290 1315 2353 fuit

238 2417 393 2478 eiusmodi
424 2415 517 2496 quid,
552 2436 594 2477 ex
625 2437 690 2496 quo
722 2416 828 2477 Aldus
852 2414 949 2477 haec:
974 2436 1088 2496 „prtem
1111 2415 1235 2478 nbrmde
1256 2416 1313 2477 eu’'

237 2553 297 2606 cet.
323 2563 431 2605 eruere
453 2552 573 2624 posset.

282 2670 384 2753 Quid,
421 2672 446 2731 si
481 2669 682 2733 Catanaeum
716 2689 758 2729 ex
792 2667 896 2730 hisce:
929 2668 1111 2748 „Fabium”
1144 2669 1315 2750 conjecisse

238 2796 440 2858 statuamus?
470 2797 551 2857 Mox
581 2816 675 2872 vero,
700 2816 774 2857 cum
797 2797 891 2858 sciret
914 2797 1050 2858 Plinium
1073 2797 1172 2877 vulgo
1195 2795 1315 2858 duobus

238 2921 419 2984 rznrm'm‘bus
443 2942 525 3004 quos
545 2922 719 3004 appellaret
739 2922 924 3003 designare,
938 2944 1012 2985 eum
1026 2945 1135 2985 secum
1150 2934 1315 3005 reputasse

237 3050 440 3125 crediderim,
465 3049 592 3110 cuinam
617 3049 747 3110 tandem
771 3070 814 3110 ex
836 3049 987 3127 „Fabiis”
1012 3049 1073 3113 illis
1095 3053 1149 3132 qui
1173 3051 1203 3112 in
1227 3051 1315 3112 Plinii

238 3176 380 3257 epistulis
403 3176 584 3256 legerentur
606 3173 684 3237 haec
709 3176 846 3256 epistula
869 3186 945 3257 apte
963 3178 1156 3240 conveniret.
1177 3177 1314 3239 Fabium

239 3322 315 3362 vero
349 3302 520 3364 Valentem
544 3301 587 3362 ab
610 3321 648 3362 eo
672 3321 741 3362 esse
764 3301 900 3364 electum
926 3302 1092 3366 mirabitur
1115 3324 1227 3380 nemu,
1259 3304 1314 3385 qui

239 3428 374 3489 indicem
411 3428 588 3489 Plinianum
618 3449 637 3488 a
668 3428 873 3488 Mommseno
904 3449 1031 3491 summa
1054 3430 1216 3510 diligentia
1238 3451 1314 3493 con-

239 3555 357 3616 sectum
375 3564 501 3617 attento
514 3555 622 3615 animo
635 3555 825 3634 inspexerit:
851 3554 980 3635 (collata
993 3556 1054 3637 Ep.
1068 3558 1115 3619 IV
1129 3574 1181 3634 24,
1195 3578 1237 3619 ex
1249 3578 1314 3638 qua

238 3681 478 3743 familiarissime
500 3681 634 3743 Plinium
658 3702 731 3743 cum
756 3682 858 3744 Fabio
878 3683 1016 3746 Valente
1029 3685 1131 3765 egisse
1144 3681 1312 3767 eflicitur);

239 3809 342 3869 nullus
366 3803 450 3868 enim
474 3809 504 3868 in
529 3828 645 3869 novem
670 3809 878 3890 epistularum
902 3810 988 3872 libris
1011 3812 1090 3873 alius
1112 3811 1227 3893 legitur
1251 3813 1313 3873 Fa-

239 3935 325 4011 bius,
351 3935 381 3995 in
405 3954 502 4015 quem
527 3933 606 3995 haec
630 3936 765 4016 epistula
789 3937 933 4017 quadret.
952 3935 982 4022 ²)

276 4093 295 4155 1)
314 4095 419 4142 Videtur
446 4096 530 4143 Keilin
556 4097 698 4145 Catanaeus
725 4098 768 4145 tali
794 4099 941 4162 apographo
967 4102 1003 4148 uti
1022 4101 1132 4164 potuisse
1149 4101 1192 4148 cfr.
1211 4101 1268 4148 Keil
1286 4103 1313 4152 ll.

238 4178 255 4223 p
281 4161 391 4207 XXXVI

274 4225 294 4284 ²>
314 4227 343 4272 In
361 4228 512 4275 lllnuuuseni
530 4230 612 4277 indice
625 4230 716 4292 legitur
734 4232 835 4294 quidem
846 4233 939 4280 Fabius
948 4234 1078 4281 Rusticus:
1090 4249 1173 4281 venun
1183 4233 1313 4291 „Fabius”

237 4293 395 4354 conjecturae
413 4294 629 4344 Mommsenianae
648 4297 768 4346 debetur:
788 4299 827 4361 Ep
853 4299 891 4347 IX
908 4312 940 4360 29
958 4307 1056 4347 tantum
1066 4300 1171 4362 legitur:
1182 4300 1312 4348 li'ustr'cns.

238 4360 351 4424 Reliqui,
374 4368 400 4407 ut
416 4360 467 4422 jam
487 4363 586 4420 monui,
604 4363 677 4409 Fabii
694 4364 752 4412 huic
770 4365 892 4428 epistulae
911 4367 1013 4414 omniuo
1031 4382 1082 4414 non
1101 4366 1261 4417 conveniunt.
