3114 5130
758 497 800 556 43

238 680 366 750 perator
390 671 481 750 quasi
505 670 560 731 sit:
574 668 676 747 „Cher
688 669 735 730 lor
747 666 1124 730 Besorderinscontoiret''
1139 668 1157 728 i.
1172 688 1198 727 e.
1213 665 1316 726 cursui

238 796 367 876 publico
416 797 634 877 praepositus,
670 796 721 856 vel
756 791 1017 874 „omniscientia”
1053 796 1102 874 (ut
1137 791 1318 874 philosophi

238 920 429 1005 loquuntur)
465 923 578 1003 ipsiuS,
611 943 695 1003 quae
726 930 838 983 om'nes
868 923 950 983 norit
981 923 1035 1002 qui
1066 920 1249 1001 diplomatis
1273 921 1319 980 uti

239 1060 295 1112 aut
328 1050 468 1111 debeant
502 1059 559 1111 aut
592 1049 706 1124 velint,
742 1048 792 1113 vel
821 1049 950 1110 tandem
976 1049 1054 1108 mira
1076 1047 1228 1120 comitas,
1253 1066 1318 1125 qua

238 1177 415 1257 diplomata
442 1176 493 1236 illa
517 1196 580 1236 non
600 1185 732 1256 rogatus
745 1173 897 1235 miser't.'’
917 1171 944 1255 ¹)
958 1174 1048 1235 Haec
1060 1172 1206 1234 subtilius
1218 1190 1316 1251 quam

237 1305 342 1384 verius
373 1303 536 1383 disputata
567 1323 636 1364 esse
673 1304 729 1363 vix
761 1303 932 1383 quisquam
957 1300 1104 1380 negabit,
1129 1319 1202 1360 cum
1227 1319 1318 1379 prae-

238 1430 346 1490 sertim
370 1431 478 1490 omnia
501 1450 565 1509 que
588 1429 720 1509 protulit
743 1429 864 1509 Ussing
887 1427 1058 1489 incredibili
1083 1426 1156 1488 huic
1177 1427 1318 1506 opinioni

239 1556 414 1618 innitantur
432 1557 663 1637 Imperatorem
684 1556 860 1637 diplomata
882 1555 932 1616 illa
952 1555 993 1617 ad
1006 1556 1148 1636 privatos
1161 1553 1318 1631 homineS,

241 1703 303 1744 non
329 1704 405 1744 vero
427 1684 467 1744 ad
491 1685 728 1745 Provinciarum
752 1683 877 1764 legatos
900 1699 956 1744 aut
968 1683 1174 1762 proconsules
1187 1681 1317 1741 misisse.

284 1810 397 1888 Longe
428 1811 556 1890 gravius
588 1820 636 1871 cst
670 1809 758 1890 quod
794 1809 855 1870 alio
878 1809 996 1891 10002)
1021 1805 1318 1888 reprehendendum

239 1936 364 1997 videtur
387 1936 555 2016 Ussingi03
579 1936 667 2017 quod
690 1937 763 1998 licet
786 1957 827 1996 ex
852 1937 939 1996 omni
964 1945 1055 2015 parte
1078 1932 1244 2018 enucleare
1268 1954 1320 1994 me

240 2083 303 2123 non
328 2083 423 2143 posse
442 2065 579 2143 ingenue
599 2064 714 2139 fatear,
737 2084 775 2124 eo
789 2064 893 2123 minus
905 2062 966 2123 hoc
981 2063 1052 2123 loeo
1064 2064 1320 2143 praetermitten-

240 2190 317 2250 dum
339 2192 506 2267 existim0,
529 2212 568 2252 ne
588 2192 696 2272 lugere
716 2192 914 2253 adversarios
934 2210 1032 2272 quarn
1051 2211 1201 2271 superare
1212 2191 1321 2251 videar

242 2317 399 2378 maluisse.

285 2444 391 2533 Nemo
414 2445 513 2505 nescit
537 2465 636 2524 quam
660 2445 757 2525 longe
776 2444 905 2525 lateque
924 2443 1012 2524 apud
1025 2444 1175 2523 antiquos
1187 2443 1320 2504 valuerit

240 2571 398 2650 pessimus
428 2570 477 2658 ille
508 2572 744 2654 rnosinlantes
776 2592 885 2632 recens
914 2581 1007 2633 natos
1031 2570 1230 2650 exponendi,
1255 2591 1320 2649 quo

241 2695 340 2757 fiebat
364 2707 399 2757 ut
423 2697 514 2758 multi
534 2698 644 2758 miselli
667 2698 755 2774 liberi
779 2698 820 2758 ab
845 2698 948 2778 impiis
972 2697 1159 2777 parentibus
1182 2696 1321 2756 derelicti

242 2833 297 2884 aut
322 2824 500 2900 interirent,
526 2836 582 2886 aut
605 2825 647 2885 ab
669 2824 778 2886 alienis
801 2825 1000 2910 hominibus,
1024 2825 1125 2905 iisque
1147 2845 1244 2904 saepe
1268 2844 1321 2884 ne-

241 2951 400 3035 quissimis
423 2951 540 3013 sublati
565 2953 594 3011 in
619 2953 774 3014 servitute
798 2953 972 3013 miserrima
992 2961 1024 3012 et
1045 2952 1227 3032 turpissima
1245 2951 1322 3011 edu-

242 3075 421 3139 carentur.”
436 3077 463 3160 ³)

288 3202 357 3262 Hos
381 3212 490 3263 autem
514 3205 631 3265 sensim
656 3226 731 3265 usus
756 3216 787 3267 et
811 3205 1011 3266 consuetudo
1031 3205 1139 3284 potius
1158 3223 1256 3284 quam
1270 3203 1321 3263 lex

243 3329 429 3408 parentibus
462 3328 599 3414 (aliisve)
630 3333 655 3392 si
687 3342 793 3393 essent
825 3333 923 3412 agniti
956 3333 986 3391 in
1018 3330 1199 3391 libertatem
1223 3329 1322 3389 vindi-

244 3455 364 3515 candos
399 3458 603 3536 permiserat,
641 3460 684 3520 ita
719 3470 827 3520 tamen
863 3470 897 3519 ut
928 3459 1153 3519 alimentorum
1184 3457 1322 3537 pretium

243 3580 478 3666 solvereturll:
513 3583 633 3646 certum
667 3594 775 3646 tamen
807 3585 983 3665 quidquam
1019 3594 1051 3644 et
1085 3581 1252 3643 definitum
1280 3618 1322 3626 -

243 3709 331 3789 quod
360 3710 490 3790 quidem
521 3731 578 3790 per
605 3721 711 3773 totum
735 3712 920 3772 Romanum
945 3711 1113 3790 imperium
1138 3708 1257 3770 valeret
1280 3743 1322 3752 —-

243 3839 455 3900 constitutum
480 3839 623 3898 nondum
646 3848 723 3900 erat.

281 4045 300 4106 ¹)
319 4048 410 4109 Ussing
428 4048 453 4097 ll.
473 4064 489 4110 p
519 4059 548 4094 12
794 4044 813 4111 2)
833 4047 863 4094 T.
881 4046 913 4094 66

280 4113 300 4171 ³)
319 4114 354 4161 clr
381 4115 529 4177 Marqunrdt
549 4114 719 4161 Privatleben
735 4115 747 4162 1
763 4132 787 4178 p.
799 4126 821 4175 3,
832 4131 855 4176 p,
866 4113 905 4176 83.
917 4114 981 4160 Rein
991 4110 1168 4159 l'rivat·Reelrt
1177 4127 1219 4174 pp.
1228 4112 1276 4174 485
1287 4128 1324 4173 sq.

279 4179 300 4243 ⁴)
318 4181 361 4228 esr.
383 4182 479 4228 Seneca
496 4182 609 4228 Cuntrov
634 4180 669 4227 IV
687 4179 726 4231 26.
736 4181 902 4242 „Expositum
912 4181 954 4243 qui
964 4178 1094 4241 agnoverit
1103 4176 1190 4223 solutis
1199 4179 1324 4225 alimentis

246 4247 365 4310 recipiat'’
384 4248 427 4294 serl
448 4247 509 4298 ibid,
528 4248 551 4293 V
569 4260 613 4308 33:
631 4248 762 4311 „Expositi
781 4249 805 4295 iu
825 4247 894 4294 nullo
912 4263 1017 4294 numero
1035 4254 1103 4294 suut:
1115 4243 1179 4290 servi
1194 4245 1322 4302 suut;lroc

244 4314 328 4375 legum
347 4315 422 4361 latori
441 4314 520 4361 visum
539 4311 601 4361 est,''

280 4381 420 4442 Quintilian
441 4382 554 4429 Declaur.
573 4379 630 4441 278.
648 4381 801 4445 „Expositor
819 4388 907 4444 petens
924 4396 980 4427 eum
999 4379 1056 4427 lorti
1074 4379 1097 4425 X
1118 4375 1214 4425 millia''
