3114 5130
766 485 805 529 22

243 658 394 721 Ostendit
417 661 501 719 enim
525 659 602 719 liber
627 659 676 719 ille
699 659 867 720 Budaeum
889 670 921 719 et
934 659 1120 731 Aldumtet
1133 658 1316 738 Jucundum

241 788 385 867 quoque)
421 808 530 848 revera
566 808 603 847 ea
638 788 668 846 in
703 787 812 847 codice
842 787 982 847 Parisino
1012 787 1142 866 legisse,
1176 798 1208 847 et
1232 795 1317 846 recte

242 914 453 993 expressisse;
473 913 590 986 verbo,
603 912 773 974 confirmat
785 923 817 974 et
830 914 972 993 ipsorum
985 914 1150 974 scientiam
1164 922 1196 973 et
1209 911 1317 985 fidem,

242 1062 325 1121 quae
360 1041 425 1101 duo
455 1042 600 1101 omnium
629 1061 706 1101 sane
736 1041 878 1100 maxime
909 1041 939 1100 in
964 1051 1046 1101 teste
1069 1039 1173 1100 solent
1197 1040 1315 1118 quaeri.

241 1167 347 1249 Quem
383 1188 460 1247 ergo
496 1169 526 1227 in
557 1167 625 1228 libri
656 1168 732 1228 VIII
760 1167 902 1247 epistulis
925 1187 1071 1227 veracem
1096 1188 1166 1226 esse
1188 1165 1315 1225 aliunde

240 1296 466 1374 cognovimu5‚
481 1315 537 1356 cur
549 1295 579 1355 in
591 1295 716 1355 decimo
727 1294 807 1356 libro
821 1294 903 1355 ultro
915 1304 1101 1374 suspectum
1114 1292 1292 1353 habeamus
1304 1291 1314 1351 ἲ

287 1420 424 1481 Accedit
446 1421 540 1481 aliud.
567 1421 758 1501 Nuperrime
781 1422 865 1481 euim
890 1421 1038 1482 Oxoniae
1062 1421 1092 1480 in
1111 1419 1315 1480 celeberrima

241 1547 435 1609 bibliotheca
458 1548 632 1609 Bodleiana
654 1571 673 1608 a
697 1549 883 1610 doctissimo
907 1550 974 1609 viro
998 1548 1027 1609 Ii
1058 1547 1097 1611 G.
1112 1547 1226 1626 Hardy
1239 1547 1316 1608 liber

240 1677 389 1737 inventus
421 1698 477 1736 seu
508 1678 616 1757 potius
647 1686 791 1757 repertus
814 1686 862 1737 est
892 1673 930 1758 Ι),
956 1677 1075 1755 inquo
1098 1696 1211 1736 omnes
1233 1696 1314 1755 quas

240 1804 335 1865 hodie
371 1806 519 1865 novimus
549 1809 581 1866 et
612 1805 700 1865 Plinii
731 1809 763 1866 et
785 1804 913 1883 Trajani
936 1804 1091 1879 epistulae
1114 1805 1230 1884 partim
1255 1805 1314 1864 im-

240 1953 378 2012 pressae,
402 1934 518 2012 partlm
543 1952 640 1992 manu
661 1933 796 2012 scriptae
808 1932 1018 1992 continentur.
1035 1931 1060 2010 ²)
1074 1931 1172 1993 Cuius
1184 1932 1312 2011 quidem

239 2058 308 2119 libri
343 2058 511 2134 lectiones,
542 2079 626 2138 quae
657 2079 720 2118 non
751 2079 822 2118 raro
854 2069 886 2119 et
916 2058 958 2119 ab
983 2058 1103 2119 Aldina
1126 2069 1158 2120 et
1182 2059 1224 2120 ab
1248 2061 1314 2120 aliis

240 2185 390 2246 omnibus
410 2184 567 2266 prioribus
586 2185 779 2246 editionibus
798 2185 956 2261 differunt,
970 2207 1042 2246 cum
1056 2207 1152 2266 saepe
1164 2186 1232 2247 aliis
1244 2208 1313 2247 om-

239 2311 333 2372 nibus
363 2312 458 2391 longe
485 2320 664 2391 praestent,
696 2312 871 2392 quinetiam
905 2332 968 2372 non
1001 2333 1072 2372 raro
1095 2332 1168 2372 cum
1194 2313 1313 2373 Budaei

239 2439 445 2499 lemmatibus
477 2449 534 2499 aut
568 2459 642 2499 curu
677 2439 822 2499 lllediceo
857 2439 966 2500 codice
1002 2437 1081 2523 (quo
1113 2440 1311 2502 Catanaeum

238 2566 377 2645 primum
400 2585 493 2625 usum
512 2585 581 2625 esse
601 2562 698 2648 dixi),
719 2575 775 2627 aut
795 2565 933 2646 denique
951 2586 1024 2626 cum
1047 2566 1148 2627 multo
1161 2568 1313 2628 recentio-

239 2690 325 2750 ribus
347 2691 517 2752 doctorum
541 2692 680 2751 virorum
694 2691 883 2771 conjecturis
896 2693 1099 2768 conveniant,
1114 2692 1202 2753 facile
1214 2694 1313 2753 cerui-

239 2826 291 2878 tur
313 2818 500 2897 scriptorem
524 2828 556 2879 et
578 2828 791 2879 correctorem
814 2820 1000 2898 praesertim
1021 2818 1115 2880 huius
1134 2819 1313 2900 apographi

240 2947 350 3022 (quem
374 2954 430 3004 aut
454 2945 558 3023 ipsum
583 2945 782 3024 jucundum,
807 2957 864 3006 aut
888 2947 1025 3025 Jucundi
1045 2946 1206 3007 librarium
1219 2947 1313 3008 luisse

238 3068 325 3130 haud
348 3071 415 3131 siue
438 3092 557 3150 magna
577 3072 717 3133 veritatis
729 3072 834 3152 specie
846 3073 1011 3134 contendit
1024 3073 1154 3155 Hardy)
1169 3077 1312 3137 codicem

239 3198 412 3258 I'arisinum
437 3207 469 3258 et
493 3208 579 3258 recte
601 3198 715 3277 legisse
740 3208 772 3259 et
795 3200 923 3278 egregie
945 3220 1007 3260 non
1029 3220 1099 3260 raro
1112 3202 1311 3262 emendasse,

284 3324 354 3385 Etsi
388 3344 464 3384 vero
496 3324 632 3385 satorum
666 3323 848 3404 malignitas
879 3325 1126 3406 illuni·Jucuruli
1151 3329 1312 3405 codicem,

239 3473 305 3531 quo
339 3452 408 3512 solo
442 3451 482 3512 ad
517 3451 750 3513 renascentium
785 3452 961 3513 litterarum
996 3465 1136 3516 aetatem
1170 3457 1257 3518 Plinii
1281 3468 1313 3519 ct

238 3578 366 3657 Trajani
391 3578 546 3659 epistulae
570 3586 715 3639 servatae
738 3588 829 3653 sunt,
844 3580 957 3641 misere
970 3581 1061 3641 nobis
1074 3583 1197 3663 eripuit,
1213 3606 1310 3646 unum

238 3716 345 3767 tamen
381 3705 474 3766 huius
509 3705 578 3765 libri
609 3715 726 3767 testem
757 3706 885 3766 saeculo
922 3720 956 3784 15
983 3707 1078 3788 longe
1100 3711 1312 3791 antiquiorem

238 3836 354 3896 lelicior
376 3832 502 3895 fortuna
528 3834 708 3913 nuperrime
734 3833 825 3893 nobis
849 3834 995 3895 restituit.
1022 3836 1117 3896 Liber
1140 3839 1223 3897 enim
1245 3860 1313 3899 ma-

239 3961 422 4040 nuscriptus
452 3959 680 4020 Riecardianus
710 3958 753 4020 nl.
785 3961 850 4036 488
882 3958 1013 4044 (saeculi
1044 3961 1093 4022 IX
1117 3963 1165 4023 vel
1190 3962 1235 4047 X)
1260 3968 1312 4045 qui

276 4199 293 4262 ¹)
312 4200 348 4247 cfr
385 4200 411 4246 li.
438 4201 460 4243 (i
498 4199 585 4260 llauly
612 4199 637 4245 lu
658 4199 734 4259 Jnum
764 4198 792 4244 ol
807 4198 893 4260 philol.
912 4201 984 4252 'l'om
1004 4203 1078 4249 XVII
1096 4219 1129 4266 pp
1155 4205 1271 4266 95—-108
1290 4214 1313 4252 et

237 4290 260 4327 et
279 4279 389 4326 elusrlem
409 4280 454 4328 lirl,
476 4278 537 4327 l'liii,
556 4295 597 4340 pp.
616 4277 722 4338 68--72.

272 4356 291 4417 ²)
310 4359 426 4406 Ceterum
446 4357 477 4404 ‹le
496 4364 548 4404 tota
566 4357 612 4403 hae
632 4373 656 4404 re
675 4357 699 4402 in
719 4357 858 4419 appendice
875 4358 999 4420 eopiosIus
1016 4360 1205 4422 disputabimus.
