3114 5130
763 468 804 530 47

238 658 427 718 procurare.
444 685 449 698 .
466 685 494 697 ..
532 649 566 699 ut
596 659 651 699 eos
681 639 744 699 vei
762 638 833 699 loco
864 638 1049 698 libertorum
1081 636 1130 698 vel
1160 635 1230 696 loco
1254 655 1317 694 ser-

237 772 439 825 vorum...
472 764 622 826 habeant.
659 765 722 826 Sed
754 766 839 825 nullo
871 765 1050 825 discrimine
1073 761 1184 823 habito
1209 761 1240 822 hi
1263 762 1318 842 qui

237 891 279 951 ab
310 890 493 951 huiusmodi
525 890 708 952 hominibus
740 892 866 952 educati
897 901 988 961 sunt,
1021 890 1109 951 liberi
1133 899 1164 950 et
1189 890 1317 969 ingenui

237 1015 446 1096 appareant.”
467 1014 497 1100 ¹)

281 1142 396 1224 Neque
426 1153 534 1204 tamen
567 1144 617 1204 vel
647 1145 677 1205 id
702 1144 872 1225 epistulam
898 1145 938 1205 de
962 1164 1031 1224 qua
1049 1145 1175 1223 agimus
1199 1163 1319 1223 suppo-

236 1270 331 1329 sitam
363 1289 432 1329 esse
463 1271 673 1332 demonstrat.
709 1271 789 1351 Quis
820 1272 904 1331 enim
936 1272 1063 1351 ignorat
1092 1280 1213 1350 quanta
1237 1271 1319 1330 iuter

239 1394 356 1456 multas
387 1395 454 1456 illas
477 1398 603 1477 Imperii
626 1396 766 1458 Romani
790 1398 969 1477 provincias
993 1399 1023 1458 in
1048 1397 1198 1457 omnibus
1222 1397 1317 1456 rebus

237 1521 402 1583 diversitas
437 1523 595 1596 extiterit,
631 1524 674 1583 ita
711 1532 761 1598 ut,
793 1523 881 1603 quod
913 1522 980 1582 aliis
1013 1522 1195 1602 prodesset,
1221 1541 1318 1600 saepe

238 1658 367 1710 noceret
398 1648 464 1709 aliis
510 1650 657 1710 Forsitan
692 1647 791 1731 (quae
824 1659 871 1709 est
907 1649 1015 1730 opinio
1050 1649 1091 1708 de
1114 1647 1143 1709 la
1167 1648 1270 1726 Berge
1287 1645 1318 1730 ²)

238 1796 378 1855 quocum
403 1775 505 1836 facere
528 1777 654 1837 videtur
678 1775 792 1855 Hardy
810 1772 840 1858 ³)
865 1775 1023 1854 Trajanus
1048 1784 1080 1835 et
1104 1776 1134 1834 in
1166 1772 1318 1852 Bithynia

237 1903 383 1982 ingenuis
404 1903 508 1964 liberis
528 1903 680 1964 alimenta
700 1903 853 1983 praebere
872 1902 1017 1976 voluerit,
1038 1912 1073 1962 ut
1087 1921 1156 1961 mos
1168 1899 1318 1981 parvulos

238 2030 420 2110 exponendi
451 2026 568 2090 sensim
601 2029 781 2102 tolleretur,
806 2029 855 2090 vei
879 2028 1066 2103 aliis-etiam
1091 2027 1238 2088 remediis
1263 2027 1309 2087 uti

284 2155 380 2235 Quod
404 2156 429 2215 si
453 2157 523 2235 quis
546 2154 626 2216 haec
649 2155 741 2216 nimis
765 2157 884 2217 incerta
905 2175 974 2216 esse
994 2154 1185 2233 contendat,
1207 2164 1239 2215 et
1259 2154 1319 2214 alia

239 2281 332 2342 huius
363 2282 421 2342 loci
453 2282 584 2342 sanandi
615 2283 666 2342 via
698 2291 803 2362 patet,
836 2292 871 2343 ut
904 2283 1024 2342 nodum
1058 2301 1190 2360 nempe,
1221 2300 1317 2360 quem

239 2409 362 2470 solvere
383 2418 534 2488 negatur,
556 2407 662 2487 gladio
683 2408 921 2488 praecidamus3
946 2428 1050 2487 neque
1070 2407 1100 2467 id
1113 2405 1175 2468 hoc
1187 2407 1316 2486 quidem

239 2535 309 2595 loco
333 2535 484 2595 audacius
505 2530 606 2615 ⁸quam
631 2535 746 2595 rectius
771 2555 840 2595 esse
865 2534 940 2594 mihi
964 2535 1089 2595 videtur

282 2660 398 2722 Scribit
429 2661 512 2721 euim
544 2660 700 2739 Trajanus
732 2661 762 2720 in
792 2660 902 2721 ultima
927 2659 1081 2741 epistolae
1105 2670 1197 2741 parte
1220 2680 1319 2740 quam

239 2789 315 2848 satis
344 2797 529 2867 corruptam
561 2785 637 2847 mihi
669 2787 766 2847 videri
786 2786 853 2865 jam
880 2787 1007 2847 monui:
1033 2786 1221 2867 „Epistolae
1244 2807 1321 2846 saue

239 2925 313 2974 sunt
337 2913 531 2974 Domitiani.
549 2959 597 2974 ...
632 2933 716 2993 quae
740 2912 873 2973 fortasse
897 2912 1037 2973 debeant
1061 2913 1239 2972 observari:
1265 2911 1322 2971 sed

240 3041 321 3102 intra
353 3060 408 3104 eas
436 3040 615 3120 provincias
639 3039 679 3099 de
703 3039 820 3119 quibus
845 3040 1019 3119 rescripsit,
1045 3040 1125 3110 intra
1150 3060 1230 3120 quas
1256 3060 1318 3099 non
1364 3039 1365 3042 ’

239 3178 287 3228 est
329 3166 498 3246 Bithynia3
540 3176 571 3227 et
603 3166 674 3227 ideo
709 3186 767 3227 nec
801 3166 1010 3227 assertionem
1048 3166 1318 3245 negandam..„.

240 3305 337 3376 puto,
381 3314 485 3374 neque
520 3294 621 3373 ipsam
657 3293 837 3353 libertatem
875 3292 1092 3353 redimendam
1128 3293 1231 3373 pretio
1266 3291 1320 3352 aii-

240 3417 454 3483 mentorum''.

285 3547 370 3628 Quid
390 3547 415 3606 si
432 3545 592 3624 legamus:
614 3544 679 3622 „Et
692 3545 763 3604 ideo
779 3564 835 3604 nec
847 3544 1058 3604 assertionem
1072 3543 1268 3622 negandam.
1282 3593 1287 3602 .
1300 3591 1304 3600 .
1318 3591 1322 3599 .

240 3685 320 3755 puto
340 3681 370 3732 et
389 3673 491 3753 ipsam
512 3670 692 3733 libertatem
712 3670 930 3730 redimendam
944 3670 1046 3750 pretio
1058 3668 1320 3730 alimentorum''?

239 3799 380 3861 Offensio
405 3797 509 3857 omnis
535 3816 633 3876 quam
658 3795 786 3875 Trajani
808 3815 997 3876 responsum
1018 3796 1212 3875 quibusdam
1233 3796 1322 3857 dedit

239 3924 319 3987 illico
354 3923 484 3985 tollitur.
520 3924 568 3983 lta
599 3923 684 3982 enim
712 3922 870 4000 Trajnnus
894 3922 1048 4002 priscam,
1074 3923 1114 3982 de
1136 3942 1200 4002 qua
1224 3941 1320 4001 supra

243 4093 435 4102 -—-.

277 4188 296 4250 ¹)
315 4187 378 4236 Cod,
398 4187 457 4234 Inst.
477 4197 505 4247 51
527 4183 580 4248 (52)
600 4198 622 4245 3.

277 4265 296 4322 ²t
316 4266 396 4314 Dela
415 4265 494 4324 Berge
512 4264 537 4312 11,
558 4281 598 4327 pp,
620 4276 627 4309 ι
634 4277 666 4324 34
684 4279 733 4326 seq.

277 4344 296 4405 ³)
315 4345 403 4405 Hardy
421 4361 443 4393 a,
462 4343 485 4392 h.
503 4345 520 4392 l.
539 4360 562 4405 p.
584 4353 637 4404 175.
