3114 5130
719 497 778 561 107

210 667 473 731 hervorrusendcs
512 670 748 754 straswurdiges
783 671 988 735 Verbrechcn
1023 671 1213 734 betrachtet.
1248 672 1284 732 In

211 795 266 857 der
296 798 382 860 That
413 801 522 862 wurde
554 801 629 863 bald
658 821 768 882 genug
798 801 884 862 diese
913 800 1016 880 legale
1040 798 1222 861 Handhabe
1245 819 1283 858 zu

104 985 108 994 ,
210 920 385 987 masslosen
420 927 660 1009 Versolgungen
696 928 846 1008 benutzt,
879 928 943 989 und
974 948 1008 988 es
1038 925 1115 988 lasst
1139 925 1206 987 sich
1229 925 1284 986 be-

207 1053 342 1132 greifen,
376 1075 467 1115 wenn
498 1055 549 1117 die
580 1054 788 1119 Christlichen
818 1054 1042 1136 Apologeten,
1067 1074 1144 1115 vom
1168 1052 1284 1115 Stand-

208 1179 331 1259 punkte
362 1182 516 1244 innerster
538 1181 881 1264 Selbstbereclitigung
901 1182 983 1243 ihres
1002 1182 1169 1263 religiosen
1194 1181 1283 1261 Dog-

209 1307 288 1368 ma's
311 1309 497 1389 gegenuber
519 1311 581 1371 den
605 1311 835 1390 Forderungen
855 1310 911 1370 des
932 1308 1126 1370 Romischen
1148 1307 1283 1370 Rechts-

210 1443 330 1496 staates
361 1437 418 1498 mit
441 1446 616 1499 ausserster
638 1437 849 1517 Erbitterung
872 1435 938 1497 sich
962 1456 1066 1516 gegen
1090 1435 1149 1496 das
1171 1433 1283 1512 Traja-

210 1536 317 1622 nisehe
340 1561 435 1624 Edict
458 1561 706 1644 aussprachen.’'
722 1537 749 1644 Ι)

254 1688 344 1750 Haec
377 1699 536 1770 quantum
556 1690 638 1750 inter
660 1687 695 1750 se
718 1689 864 1751 disserant
886 1689 957 1769 quis
981 1709 1044 1749 non
1068 1688 1176 1750 videt?
1200 1687 1283 1748 Aliis

208 1819 423 1880 Tertullianus
453 1838 512 1879 suo
540 1818 625 1897 jure,
651 1817 719 1879 aliis
742 1817 852 1897 injuria
875 1816 1003 1897 Trajani
1027 1817 1214 1897 rescriptum
1238 1816 1284 1877 vi-

206 1945 300 2006 detur
323 1942 578 2025 reprehendisse,
600 1953 656 2005 aut
677 1942 790 2005 saltem
810 1943 1057 2004 inconstantiam
1070 1941 1111 2004 illi
1124 1942 1283 2004 immerito

209 2070 372 2150 objecisse.

252 2199 301 2259 At
335 2197 422 2258 haud
457 2198 523 2259 scio
554 2218 594 2258 an
626 2195 732 2278 aliqua
763 2206 871 2259 tamen
896 2183 1019 2290 ratione
1041 2195 1122 2258 haec
1145 2197 1227 2258 inter
1249 2215 1283 2256 se

208 2325 358 2405 componi
380 2324 520 2405 possint,
545 2324 668 2385 sicum
692 2324 877 2385 acutissimo
900 2323 968 2383 viro
992 2320 1157 2401 Arnoldl)
1181 2330 1283 2382 statu-

207 2471 299 2511 amus
322 2450 365 2512 ob
386 2459 544 2513 mutatam
565 2451 683 2512 sensim
698 2450 889 2545 jueliciorum
902 2448 1037 2511 formam
1049 2447 1282 2510 Tertullianum

207 2575 334 2657 Trajani
358 2577 502 2641 Caesaris
526 2579 715 2658 rescriptum
740 2598 804 2638 non
824 2576 891 2658 jam
916 2576 1011 2658 plane
1034 2575 1236 2638 intellexisse.

252 2705 334 2768 Cum
354 2706 455 2782 enim,
479 2715 514 2769 ut
525 2706 593 2768 fuse
605 2707 807 2780 demonstrat
819 2704 917 2781 Geih,
932 2705 956 2781 3)
969 2705 1145 2785 antiquitus
1157 2703 1283 2763 Romae

204 2829 269 2891 sere
299 2832 454 2913 viguisset
485 2830 577 2893 illud:
609 2831 686 2911 „ubi
711 2852 774 2892 non
798 2841 847 2893 est
870 2845 1053 2906 accusator,
1079 2830 1122 2890 ibi
1146 2849 1209 2890 non
1234 2837 1283 2890 est

205 2958 316 3036 reus,''
337 2960 454 3021 sensim
476 2969 585 3021 tamen
609 2979 683 3020 cum
708 2959 751 3020 ob
774 2960 1003 3020 increscentem
1024 2957 1146 3038 imperii
1159 2958 1282 3037 magni-

205 3088 358 3165 tudinem,
376 3098 445 3150 tum
465 3087 508 3149 ob
521 3087 709 3149 delictorum
726 3086 941 3166 crebritatem,
955 3085 998 3147 ob
1011 3085 1120 3146 odium
1133 3085 1281 3165 denique,

204 3216 300 3296 idque
312 3215 399 3277 haud
420 3216 624 3291 immeritum,
647 3235 712 3296 quo
733 3214 892 3276 delatores
912 3233 1008 3294 saepe
1027 3210 1281 3291 conflagrabant,

204 3343 284 3405 haec
302 3343 494 3424 judiciorum
519 3343 599 3404 ratio
623 3343 667 3404 ita
692 3350 817 3404 mutata
841 3351 898 3416 est,
926 3349 961 3401 ut
983 3339 1014 3400 in
1036 3338 1283 3399 diesaccusator

205 3492 268 3531 non
297 3471 461 3551 expectari
485 3471 540 3532 sed
565 3471 690 3551 quaeri,
715 3471 814 3531 immo
838 3478 873 3531 ut
897 3467 1027 3530 tandem
1050 3466 1092 3527 ab
1116 3466 1191 3546 ipsis
1215 3485 1282 3527 ma·

204 3597 391 3678 gistratibus
416 3598 446 3658 in
472 3597 634 3659 maleficos
657 3596 803 3657 homines
826 3595 939 3676 inquiri
963 3605 1115 3676 coeptum
1139 3595 1188 3655 sit.

249 3725 365 3808 Quod,
389 3746 463 3787 cum
487 3726 576 3788 initio
599 3725 730 3806 quidem
754 3725 853 3786 rarius
877 3723 983 3799 fieret,
1009 3745 1088 3785 mox
1108 3761 1151 3769 -
1172 3734 1207 3787 ut
1220 3723 1282 3785 sere

203 3852 285 3916 solet
309 3889 352 3898 —
376 3852 571 3932 frequentius
596 3853 733 3932 factum⁷
758 3850 944 3913 Tertulliani
968 3861 1075 3913 aetate
1099 3853 1119 3933 (i
1144 3873 1171 3913 e.
1192 3853 1281 3914 initio

203 3979 320 4040 saeculi
346 3979 389 4040 ΙΙΙ
414 3987 488 4060 post
513 3977 676 4041 Christum
698 3976 826 4062 natum)
834 3977 902 4058 jam
915 3978 959 4040 ita
972 3979 1002 4039 in
1015 3979 1280 4040 consuetudinem

209 4135 400 4144 ——

241 4217 258 4278 ¹)
279 4219 399 4265 Dierauer
415 4218 442 4267 ll.
460 4235 484 4282 p,
506 4230 559 4268 120.
796 4216 814 4278 ²)
834 4219 933 4266 Aruolrl
951 4219 977 4269 ll.
996 4237 1036 4283 pp,
1055 4234 1140 4282 445i1.

237 4297 256 4355 ³)
275 4297 340 4344 Geib
367 4296 518 4345 Geseliiehte
544 4297 587 4345 des
612 4297 764 4345 liourisclreu
792 4298 1042 4362 Criminalprocesses
1068 4316 1110 4362 pp.
1140 4312 1287 4358 loz-1113·

202 4376 350 4440 257-261;
369 4375 508 4439 521-536.
